2194 3656
307 151 654 226 onmium.
854 173 919 242 ιη

53 261 142 329 tione
153 261 333 343 intuemur,
360 263 466 330 iisdem
488 265 576 329 nobis
595 264 653 329 elle
671 261 770 332 ΙΕιιιι
785 265 916 344 ιιιίιιιιι·Ι

52 350 123 412 lum
136 346 228 429 potest
244 345 256 409 ἓ
292 345 380 412 Cave
400 348 435 412 sis
450 363 515 412 tum
529 347 715 429 imprudens,
734 349 811 427 Fili,
832 368 864 414 ur
878 367 912 416 tu

49 430 83 494 id
100 447 198 512 putes:
218 448 291 496 nam
307 431 326 494 fi
345 447 484 496 naturam
497 433 684 514 respicimus,
705 433 778 497 nihil
793 435 824 497 in
840 435 911 500 AEt·

50 531 94 576 nu
108 515 173 592 esi,
194 513 277 595 quod
292 517 403 579 mitum
420 534 519 580 voces.
561 514 592 579 Si
608 533 673 580 rem
689 517 910 582 confideremus

48 595 171 674 ipsam,
198 603 302 662 nonne
324 599 376 662 tibi
400 601 490 664 etiam
507 599 583 664 mira
597 599 751 664 videantur
765 600 837 665 crim
853 603 911 666 aliu
972 657 974 662 ,

49 681 123 744 loca
136 685 298 762 permulta,
319 697 385 746 tum
400 685 449 746 vel
467 684 568 762 Aponi
583 682 674 746 nostri
688 683 807 759 sontes,
838 687 910 748 cali·
1032 707 1049 738 ·

49 763 156 845 daeque
172 767 230 828 ille
244 763 422 847 puriffimae,
452 767 558 847 quibus
579 783 683 830 natura
705 785 769 830 non
791 768 909 833 tantum

49 861 85 908 ut
101 852 317 928 caleiacerent,
335 848 439 926 dedit,
474 848 557 930 quod
582 864 643 912 erat
657 863 759 913 tameo
774 853 811 914 ab
825 853 909 932 aquis

49 932 222 1010 alienum,
236 933 286 997 sed
306 934 438 995 multum
451 931 488 995 de
498 933 566 1011 jure
582 951 704 1014 quoque
720 951 819 997 rerum
835 955 908 998 om·

50 1015 139 1078 nium
154 1015 309 1090 concessit,
330 1017 462 1078 multum
476 1016 513 1078 de
530 1015 645 1092 noslro,
667 1031 732 1078 tum
751 1019 859 1098 aliquid
868 1018 907 1082 de

47 1094 191 1162 Deorum
200 1097 423 1179 etiam,&suo;
444 1099 908 1177 utmorbit',scilicet,mederen-

45 1192 111 1260 tur,
133 1201 196 1246 non
215 1182 311 1246 modo
326 1182 385 1244 fine
403 1186 468 1246 ullo
484 1185 549 1267 egri
566 1183 688 1259 dolore,
709 1184 908 1263 quudccausa

47 1262 156 1332 Greci
173 1269 298 1352 Aponus
313 1283 428 1330 nomen
443 1268 575 1345 invenit,
597 1267 648 1332 sed
664 1267 756 1332 etiam
770 1274 906 1332 cumvo-

47 1349 181 1436 luptatei
201 1349 305 1432 ltaque
321 1349 371 1431 qui
387 1365 543 1430 curantur,

102 1581 105 1588 ,
127 1513 194 1581 Nun
208 1537 293 1580 venat
306 1514 427 1596 reserant
443 1518 490 1598 (ut
505 1517 545 1580 uit
559 1515 632 1596 ille)
644 1535 692 1580 rtet
704 1514 822 1580 vulnere
836 1513 904 1579 vui·

228 1601 416 1681 cerasetum,

167 1681 275 1746 Pocula
290 1704 338 1746 nec
351 1682 425 1764 tristi
434 1687 563 1766 gramine
577 1680 658 1765 msza
672 1679 791 1745 bibunt:
810 1745 814 1761 ,

128 1765 265 1852 Amiffitm
278 1763 392 1850 lymphis
406 1779 539 1849 reparant
551 1765 664 1848 imponi
678 1771 820 1852 vt'gorem,
858 1793 861 1800 ·

165 1851 345 1936 Poraldrque
358 1870 426 1936 egro
439 1847 602 1912 luxuriante
615 1847 698 1913 dolor.

40 2011 133 2079 Nam
147 2020 272 2082 morbos
286 2014 410 2098 quidem
424 2017 570 2098 expellere
585 2016 746 2080 hominum
760 2014 848 2098 plani
861 2016 903 2082 est

40 2117 145 2162 rerum
162 2101 250 2168 usum
266 2103 430 2164 multarum
445 2097 524 2164 redii
538 2100 715 2164 callentium
731 2144 740 2174 ,
767 2101 827 2163 hoc
848 2119 904 2164 uu·

38 2195 106 2246 tem
122 2227 132 2260 ,
159 2187 209 2247 vel
225 2183 285 2247 sme
300 2183 406 2247 dolore
420 2184 450 2247 id
466 2183 599 2262 efficere,
618 2187 685 2255 vel,
707 2184 790 2264 quod
806 2180 905 2245 multo

38 2263 83 2327 eli
100 2268 284 2342 maximum,
304 2267 396 2332 etium
403 2283 476 2338 curn
483 2269 651 2348 voluptate,
671 2264 812 2332 Deorum
828 2265 904 2329 milii

40 2348 169 2431 quidem
190 2349 381 2415 videturesse
403 2352 580 2432 proprium,
607 2349 752 2430 ipfiusque
766 2349 905 2430 principit

38 2432 210 2512 onmium,
238 2433 408 2516 &putentis
427 2432 561 2500 Nuturae.
603 2433 698 2515 Quod
714 2432 734 2496 sr
751 2452 824 2498 cum
839 2451 904 2497 uno

40 2515 315 2596 Aponi-fonticulo
341 2517 369 2580 dt
391 2519 488 2582 canali
512 2517 658 2598 profunda
679 2518 732 2580 illa
746 2535 905 2598 eompara-

37 2601 134 2679 veris,
156 2599 424 2682 inundationdsque
438 2619 547 2666 omnes
563 2598 665 2664 AEtnae
678 2613 759 2678 tue,
784 2597 903 2668 sortasse

38 2705 107 2750 non
125 2703 225 2748 verear
240 2730 250 2763 ,
271 2705 310 2748 ne
327 2686 425 2748 noller
439 2686 488 2749 hic
502 2685 661 2748 colliculus
675 2699 730 2748 tuo
746 2686 801 2748 illo
815 2701 906 2747 mou·

38 2784 70 2833 te
85 2769 119 2832 fit
136 2770 246 2832 minor.
288 2768 348 2834 Sed
368 2768 499 2844 facium,
530 2780 562 2830 ut
583 2769 635 2832 tibi
649 2769 798 2849 pollicitus
819 2767 903 2846 sum,

33 2851 180 2918 &AEtnae
195 2851 638 2934 incendiaquomodoalantur,
661 2851 789 2915 docebo.
810 2849 901 2932 Quo·

36 2940 127 3000 niam
150 2937 235 3018 igitur
256 2936 366 3000 omniu
382 2941 436 3017 (ut
450 2935 527 3011 scis)
547 2935 675 3005 humore
696 2948 786 3015 utque
798 2937 911 3013 colore¹

33 3021 266 3102 concipiuntur,
285 3018 395 3084 crim&
410 3019 525 3100 semper
541 3017 641 3082 ardeat
656 3037 763 3097 mous,
783 3017 900 3084 desem·

32 3124 88 3188 pet
104 3102 123 3168 l
143 3105 217 3170 mari
233 3101 434 3187 perlustrent,
454 3101 645 3268 ilabg,3jam
659 3100 775 3170 duobus
782 3102 827 3168 his
835 3111 905 3248 vg8
