2194 3656
186 117 249 188 216
339 113 375 180 P.
415 106 634 177 BEMBI
682 105 893 180 LIBER

203 239 223 261 ··
250 215 320 284 Arte
333 216 436 280 virim
446 213 621 300 flammisque
632 213 712 276 aava
721 218 836 296 femie
849 214 994 303 liquescat,
1061 275 1070 283 .

251 303 304 370 Seu
311 292 441 380 ferrum:
461 318 629 383 quamquam
644 297 829 364 hormatrrnae
837 303 1044 388 viscerarupir

253 383 285 450 ln
302 385 382 446 durae
395 381 488 444 aluere
503 387 597 462 vires,
617 383 680 442 ciem
686 383 795 461 ferbuit
809 381 876 446 olim

255 468 374 560 Vulcani
386 466 521 528 domitum
535 467 678 544 manibus,
699 465 826 550 tetrique
831 469 952 550 fatiscit.

194 635 234 704 Et
263 635 387 717 quidem
415 647 568 715 propterca
597 633 684 695 ilium
712 652 769 718 ego
793 629 969 714 plumbi&
992 635 1059 700 ferri

194 721 330 799 exempla
345 715 468 798 posuisse
481 716 657 780 crediderim
672 759 681 793 ,
702 732 735 780 ut
750 718 830 780 alteri
846 737 882 780 ea
898 737 1059 799 compara·

194 820 239 868 ret
260 822 326 884 quae
349 805 416 884 igne
429 799 545 866 facilius
561 801 758 878 corripiuntur
772 800 799 862 ἃ
816 802 929 880 fluunt,
952 818 987 864 ut
1002 799 1058 864 sul·

193 887 277 952 surea
289 888 375 948 tellus
389 888 510 962 omnis,
539 882 567 946 tr
591 901 632 944 ea
654 884 765 946 telluris
780 899 898 964 partes,
924 904 996 965 qua
1016 901 1056 948 te·

194 973 315 1034 nuiores
328 967 394 1032 sunt
416 985 423 1030 :
460 969 541 1030 alteri
556 950 657 1028 autem
672 965 744 1030 cum
761 967 828 1030 mm
841 970 971 1045 omnia,
992 987 1054 1032 rum

194 1073 231 1117 ea
245 1071 310 1138 quae
325 1053 454 1116 flamme
468 1051 601 1114 refistunt
614 1051 731 1135 magis,
751 1049 781 1114 δι
797 1049 864 1114 sunt
879 1053 984 1134 suapte
1007 1071 1054 1115 uu·

112 1213 122 1222 ἱ
193 1149 258 1202 tura
272 1138 400 1201 duriora.

375 1296 872 1368 Beanustrrra.
983 1315 987 1318 ·

235 1426 318 1496 Mihi
333 1429 395 1492 hac
409 1424 531 1509 quidem
539 1423 617 1489 certe
632 1444 696 1488 non
711 1425 864 1507 displicent
879 1424 1052 1508 ipsapcrse:

118 1524 121 1532 '
192 1525 282 1594 atque
297 1515 389 1577 etiam
405 1506 618 1577 delectavitne
626 1511 764 1592 nonnihil
774 1511 872 1574 Po'e'tee
881 1512 1052 1594 ingenium,

193 1599 246 1678 qui
261 1611 324 1660 tum
339 1593 405 1674 apte
421 1593 600 1672 descripserit
624 1593 768 1664 fluentem
783 1593 813 1656 ἃ
829 1593 986 1676 ardentem
1000 1599 1054 1658 tel·

93 1705 97 1716 ·
193 1683 292 1742 lurem
315 1698 323 1741 ε
351 1678 401 1740 sed
416 1691 518 1739 tamen
535 1691 584 1755 ru,
599 1675 675 1750 Fili,
694 1675 825 1741 nimium
841 1674 983 1758 perparce
998 1677 1054 1742 res·

191 1763 306 1843 pondes
322 1761 359 1823 ad
374 1762 427 1824 illa
441 1777 507 1840 quae
522 1773 591 1838 peto
613 1776 622 1824 ε
649 1778 713 1824 non
729 1759 825 1824 modi)
839 1764 924 1824 enim
940 1763 1002 1826 hoc
1016 1765 1053 1826 ita

191 1844 472 1926 impliciremupm,
494 1861 529 1907 ca
544 1843 682 1914 incendia
696 1843 856 1989 quomode
869 1845 967 1908 fiuant
984 1847 1052 1909 scire

192 1930 245 1992 abs
259 1943 287 1991 te
304 1945 312 1990 :
333 1927 504 1998 sedetiam,
526 1927 575 1989 ubi
590 1929 700 1989 descen
722 1928 812 2003 erint,
832 1945 928 2006 quam
943 1927 1052 1994 faciem

191 2015 309 2093 capiant
331 2027 339 2072 :
370 2025 435 2074 tum
451 2010 470 2072 fi
488 2009 645 2089 perdurant
661 2010 769 2091 eadem
783 2009 925 2092 semper,
947 2031 989 2077 an
1004 2014 1053 2076 ali·

189 2095 314 2181 quando
330 2096 544 2171 immutantur,
561 2092 670 2160 audire.
761 2157 763 2166 s

371 2259 602 2327 Berrttue
644 2242 865 2328 Fletus.

232 2387 349 2454 Geram
369 2390 420 2456 tibi
440 2409 575 2474 morem,
595 2387 698 2467 Pater,
725 2389 805 2456 &ea
820 2409 886 2474 que
902 2387 1046 2472 postulas,

190 2485 223 2536 ut
238 2488 359 2552 potero,
376 2475 538 2556 explicabo,
560 2473 655 2536 Pleno
667 2473 732 2553 jam
748 2489 831 2556 partu
846 2477 994 2542 maturior
1009 2478 1047 2542 eii

189 2558 291 2620 omnis
305 2557 409 2634 foerus,
428 2559 611 2640 quicumque
627 2549 768 2626 inAEtnae
776 2559 1046 2642 matrisuterocoa·

188 2638 288 2718 tescit,
308 2639 374 2704 nisu
389 2642 526 2720 parientis
541 2643 694 2720 expellitur
709 2639 738 2704 δι’
753 2637 1045 2726 ejeciaturquacum-

187 2741 250 2804 que
264 2719 344 2806 priris
353 2725 463 2787 rimam
475 2727 635 2802 invenerit,
658 2738 707 2790 aut
716 2725 799 2789 viam
805 2725 855 2792 fibi
862 2730 1009 2806 paraverit
1018 2729 1044 2791 vi

187 2797 239 2870 sui
261 2825 269 2870 :
298 2803 372 2886 saepe
393 2821 496 2872 tamen
518 2812 577 2875 erit
592 2827 681 2894 exeo
698 2821 807 2874 cratere
823 2827 917 2888 quem
933 2809 986 2892 ipsi
998 2813 1044 2874 ‘vi-

186 2888 309 2967 dimm,
338 2910 507 2975 numquam
530 2884 570 2956 e‘x'
588 2889 757 2972 superiore,
781 2891 864 2976 quud
879 2895 929 2957 vel
946 2892 986 2957 εὸ
1001 2896 1044 2959 in·

185 2971 435 3124 scenderepravis
451 2976 581 3040 materia·
592 2994 655 3062 raon
671 2989 776 3055 queat,
799 2978 844 3044 vel
854 2997 868 3053 ,·
884 2979 957 3058 quia
971 2979 1043 3042 infe·

185 3054 245 3123 rius
259 3058 318 3124 alia
344 3057 605 3146 piramentasunt,
626 3057 1043 3157 noa‘fitopuerespumanr

231 3185 233 3192 ·
521 3171 539 3228 ζ»
568 3176 593 3208 ,Ι
961 3160 1043 3231 igitur
