<?xml version="1.0" encoding="UTF-8"?>
<!DOCTYPE html PUBLIC "-//W3C//DTD XHTML 1.0 Transitional//EN"
    "http://www.w3.org/TR/xhtml1/DTD/xhtml1-transitional.dtd">
<html xmlns="http://www.w3.org/1999/xhtml" xml:lang="en" lang="en">
 <head>
  <title>
</title>
<meta http-equiv="Content-Type" content="text/html;charset=utf-8" />
  <meta name='ocr-system' content='tesseract 3.04.00' />
  <meta name='ocr-capabilities' content='ocr_page ocr_carea ocr_par ocr_line ocrx_word'/>
</head>
<body>
  <div class='ocr_page' id='page_1' title='image "./pcorneliiseveri00sevegoog_0245.png"; bbox 0 0 2194 3656; ppageno 0'>
   <div class='ocr_carea' id='block_1_1' title="bbox 213 137 1090 258">
    <p class='ocr_par' dir='ltr' id='par_1_1' title="bbox 213 29 1090 258">
     <span class='ocr_line' id='line_1_1' title="bbox 213 137 1090 258; baseline -0.002 -47"><span class='ocrx_word' id='word_1_1' title='bbox 213 139 274 211; x_wconf 79' lang='lat'>&#39;218</span> <span class='ocrx_word' id='word_1_2' title='bbox 410 137 963 258; x_wconf 14' lang='lat' dir='ltr'>1²..BEM131&#39;L113&#39;E‘R‘</span> <span class='ocrx_word' id='word_1_3' title='bbox 1086 149 1090 250; x_wconf 51' lang='lat' dir='ltr'><em>J</em></span> 
     </span>
    </p>
   </div>
   <div class='ocr_carea' id='block_1_2' title="bbox 389 317 895 390">
    <p class='ocr_par' dir='ltr' id='par_1_2' title="bbox 389 317 895 390">
     <span class='ocr_line' id='line_1_2' title="bbox 389 317 895 390; baseline -0.006 -2"><span class='ocrx_word' id='word_1_4' title='bbox 389 321 624 390; x_wconf 81' lang='lat' dir='ltr'>Bnnsus</span> <span class='ocrx_word' id='word_1_5' title='bbox 665 317 895 388; x_wconf 75' lang='lat' dir='ltr'>Finitis.</span> 
     </span>
    </p>
   </div>
   <div class='ocr_carea' id='block_1_3' title="bbox 202 459 1090 1564">
    <p class='ocr_par' dir='ltr' id='par_1_3' title="bbox 202 459 1090 1564">
     <span class='ocr_line' id='line_1_3' title="bbox 253 459 1090 552; baseline -0.002 -16"><span class='ocrx_word' id='word_1_6' title='bbox 253 469 299 536; x_wconf 84' lang='lat' dir='ltr'>Ea</span> <span class='ocrx_word' id='word_1_7' title='bbox 322 470 398 536; x_wconf 78' lang='lat' dir='ltr'>infra</span> <span class='ocrx_word' id='word_1_8' title='bbox 420 459 546 552; x_wconf 83' lang='lat' dir='ltr'>parvum</span> <span class='ocrx_word' id='word_1_9' title='bbox 569 484 714 532; x_wconf 83' lang='lat' dir='ltr'>craterem</span> <span class='ocrx_word' id='word_1_10' title='bbox 734 467 952 538; x_wconf 75' lang='lat' dir='ltr'>circumventis</span> <span class='ocrx_word' id='word_1_11' title='bbox 975 484 1090 538; x_wconf 48' lang='lat' dir='ltr'>totum¹</span> 
     </span>
     <span class='ocr_line' id='line_1_4' title="bbox 212 549 1090 638; baseline -0.005 -14"><span class='ocrx_word' id='word_1_12' title='bbox 212 567 351 624; x_wconf 82' lang='lat' dir='ltr'>montem</span> <span class='ocrx_word' id='word_1_13' title='bbox 367 558 528 636; x_wconf 82' lang='lat' dir='ltr'>complexa</span> <span class='ocrx_word' id='word_1_14' title='bbox 544 549 600 630; x_wconf 84' lang='lat' dir='ltr'>ess,</span> <span class='ocrx_word' id='word_1_15' title='bbox 622 555 826 618; x_wconf 82' lang='lat' dir='ltr'>&amp;cumulum</span> <span class='ocrx_word' id='word_1_16' title='bbox 845 573 936 632; x_wconf 88' lang='lat' dir='ltr'>eum,</span> <span class='ocrx_word' id='word_1_17' title='bbox 957 557 988 619; x_wconf 91' lang='lat' dir='ltr'>in</span> <span class='ocrx_word' id='word_1_18' title='bbox 1010 576 1069 638; x_wconf 91' lang='lat' dir='ltr'>quo</span> <span class='ocrx_word' id='word_1_19' title='bbox 1089 575 1090 608; x_wconf 74' lang='lat'>1</span> 
     </span>
     <span class='ocr_line' id='line_1_5' title="bbox 210 637 1069 720; baseline 0.001 -17"><span class='ocrx_word' id='word_1_20' title='bbox 210 640 310 720; x_wconf 84' lang='lat' dir='ltr'>major</span> <span class='ocrx_word' id='word_1_21' title='bbox 325 657 420 702; x_wconf 84' lang='lat' dir='ltr'>crater</span> <span class='ocrx_word' id='word_1_22' title='bbox 435 637 495 714; x_wconf 86' lang='lat' dir='ltr'>est,</span> <span class='ocrx_word' id='word_1_23' title='bbox 516 639 635 703; x_wconf 86' lang='lat' dir='ltr'>sustinet</span> <span class='ocrx_word' id='word_1_24' title='bbox 652 654 659 702; x_wconf 92' lang='lat'><strong>:</strong></span> <span class='ocrx_word' id='word_1_25' title='bbox 697 637 860 701; x_wconf 84' lang='lat' dir='ltr'>demittitur</span> <span class='ocrx_word' id='word_1_26' title='bbox 877 637 946 702; x_wconf 91' lang='lat' dir='ltr'>inde</span> <span class='ocrx_word' id='word_1_27' title='bbox 962 639 1069 704; x_wconf 79' lang='lat' dir='ltr'>alicubi</span> 
     </span>
     <span class='ocr_line' id='line_1_6' title="bbox 210 722 1069 804; baseline 0 -17"><span class='ocrx_word' id='word_1_28' title='bbox 210 743 263 804; x_wconf 84' lang='lat' dir='ltr'>per</span> <span class='ocrx_word' id='word_1_29' title='bbox 284 727 439 786; x_wconf 80' lang='lat' dir='ltr'>intervalla</span> <span class='ocrx_word' id='word_1_30' title='bbox 462 741 560 785; x_wconf 85' lang='lat' dir='ltr'>rmum</span> <span class='ocrx_word' id='word_1_31' title='bbox 584 727 613 784; x_wconf 94' lang='lat' dir='ltr'>in</span> <span class='ocrx_word' id='word_1_32' title='bbox 630 737 770 784; x_wconf 89' lang='lat' dir='ltr'>montem</span> <span class='ocrx_word' id='word_1_33' title='bbox 785 723 914 803; x_wconf 85' lang='lat' dir='ltr'>obliquis</span> <span class='ocrx_word' id='word_1_34' title='bbox 927 722 1069 802; x_wconf 79' lang='lat' dir='ltr'>fluxibus,</span> 
     </span>
     <span class='ocr_line' id='line_1_7' title="bbox 209 804 1069 889; baseline 0.002 -19"><span class='ocrx_word' id='word_1_35' title='bbox 209 805 543 889; x_wconf 72' lang='lat' dir='ltr'>qudquectuinnjacet,</span> <span class='ocrx_word' id='word_1_36' title='bbox 563 809 656 886; x_wconf 75' lang='lat' dir='ltr'>nique</span> <span class='ocrx_word' id='word_1_37' title='bbox 671 807 703 866; x_wconf 92' lang='lat' dir='ltr'>in</span> <span class='ocrx_word' id='word_1_38' title='bbox 716 823 817 884; x_wconf 88' lang='lat' dir='ltr'>mare,</span> <span class='ocrx_word' id='word_1_39' title='bbox 838 804 995 887; x_wconf 77' lang='lat' dir='ltr'>irtasaepe,</span> <span class='ocrx_word' id='word_1_40' title='bbox 1015 806 1069 887; x_wconf 76' lang='lat' dir='ltr'>qiu</span> 
     </span>
     <span class='ocr_line' id='line_1_8' title="bbox 207 885 1070 972; baseline 0 -18"><span class='ocrx_word' id='word_1_41' title='bbox 207 892 287 954; x_wconf 85' lang='lat' dir='ltr'>visus</span> <span class='ocrx_word' id='word_1_42' title='bbox 302 907 403 972; x_wconf 82' lang='lat' dir='ltr'>patet,</span> <span class='ocrx_word' id='word_1_43' title='bbox 430 889 612 954; x_wconf 87' lang='lat' dir='ltr'>horrendum</span> <span class='ocrx_word' id='word_1_44' title='bbox 631 885 700 950; x_wconf 76' lang='lat' dir='ltr'>sane</span> <span class='ocrx_word' id='word_1_45' title='bbox 723 887 946 968; x_wconf 79' lang='lat' dir='ltr'>speuacunm,</span> <span class='ocrx_word' id='word_1_46' title='bbox 977 891 1070 954; x_wconf 76' lang='lat' dir='ltr'>modii</span> 
     </span>
     <span class='ocr_line' id='line_1_9' title="bbox 206 971 1069 1052; baseline 0 -14"><span class='ocrx_word' id='word_1_47' title='bbox 206 977 300 1038; x_wconf 80' lang='lat' dir='ltr'>alveis</span> <span class='ocrx_word' id='word_1_48' title='bbox 318 975 485 1051; x_wconf 82' lang='lat' dir='ltr'>hiantibus,</span> <span class='ocrx_word' id='word_1_49' title='bbox 505 972 603 1037; x_wconf 76' lang='lat' dir='ltr'>modi)</span> <span class='ocrx_word' id='word_1_50' title='bbox 616 971 855 1052; x_wconf 84' lang='lat' dir='ltr'>impendentibus</span> <span class='ocrx_word' id='word_1_51' title='bbox 871 973 950 1052; x_wconf 85' lang='lat' dir='ltr'>ripis.</span> <span class='ocrx_word' id='word_1_52' title='bbox 994 975 1069 1038; x_wconf 90' lang='lat' dir='ltr'>lnter</span> 
     </span>
     <span class='ocr_line' id='line_1_10' title="bbox 207 1053 1068 1138; baseline -0.002 -15"><span class='ocrx_word' id='word_1_53' title='bbox 207 1078 343 1124; x_wconf 80' lang='lat' dir='ltr'>maxima</span> <span class='ocrx_word' id='word_1_54' title='bbox 359 1058 504 1138; x_wconf 86' lang='lat' dir='ltr'>profluvia</span> <span class='ocrx_word' id='word_1_55' title='bbox 520 1053 611 1138; x_wconf 79' lang='lat' dir='ltr'>longe</span> <span class='ocrx_word' id='word_1_56' title='bbox 619 1057 818 1120; x_wconf 81' lang='lat' dir='ltr'>memorabile</span> <span class='ocrx_word' id='word_1_57' title='bbox 827 1055 899 1120; x_wconf 90' lang='lat' dir='ltr'>iilud</span> <span class='ocrx_word' id='word_1_58' title='bbox 909 1055 969 1135; x_wconf 86' lang='lat' dir='ltr'>est,</span> <span class='ocrx_word' id='word_1_59' title='bbox 989 1059 1068 1138; x_wconf 91' lang='lat' dir='ltr'>quod</span> 
     </span>
     <span class='ocr_line' id='line_1_11' title="bbox 208 1137 1090 1225; baseline -0.003 -17"><span class='ocrx_word' id='word_1_60' title='bbox 208 1143 312 1225; x_wconf 79' lang='lat' dir='ltr'>paulli)</span> <span class='ocrx_word' id='word_1_61' title='bbox 328 1157 397 1206; x_wconf 82' lang='lat' dir='ltr'>ante</span> <span class='ocrx_word' id='word_1_62' title='bbox 412 1141 544 1205; x_wconf 80' lang='lat' dir='ltr'>nostram</span> <span class='ocrx_word' id='word_1_63' title='bbox 557 1154 674 1205; x_wconf 75' lang='lat' dir='ltr'>etatem</span> <span class='ocrx_word' id='word_1_64' title='bbox 682 1137 775 1219; x_wconf 90' lang='lat' dir='ltr'>usque</span> <span class='ocrx_word' id='word_1_65' title='bbox 784 1142 859 1204; x_wconf 79' lang='lat' dir='ltr'>intra</span> <span class='ocrx_word' id='word_1_66' title='bbox 867 1139 1013 1205; x_wconf 82' lang='lat' dir='ltr'>Catinam</span> <span class='ocrx_word' id='word_1_67' title='bbox 1022 1143 1068 1205; x_wconf 91' lang='lat' dir='ltr'>de·</span> <span class='ocrx_word' id='word_1_68' title='bbox 1089 1207 1090 1212; x_wconf 64' lang='grc'>,</span> 
     </span>
     <span class='ocr_line' id='line_1_12' title="bbox 206 1217 1090 1307; baseline -0.005 -15"><span class='ocrx_word' id='word_1_69' title='bbox 206 1247 337 1302; x_wconf 87' lang='lat' dir='ltr'>currens,</span> <span class='ocrx_word' id='word_1_70' title='bbox 362 1225 767 1307; x_wconf 82' lang='lat' dir='ltr'>nonparvamurbisptntem</span> <span class='ocrx_word' id='word_1_71' title='bbox 784 1224 925 1288; x_wconf 89' lang='lat' dir='ltr'>incendio</span> <span class='ocrx_word' id='word_1_72' title='bbox 939 1223 1068 1306; x_wconf 88' lang='lat' dir='ltr'>depopu·</span> <span class='ocrx_word' id='word_1_73' title='bbox 1089 1217 1090 1256; x_wconf 60' lang='lat'>¹</span> 
     </span>
     <span class='ocr_line' id='line_1_13' title="bbox 206 1305 1067 1391; baseline -0.005 -15"><span class='ocrx_word' id='word_1_74' title='bbox 206 1315 279 1376; x_wconf 73' lang='lat' dir='ltr'>levit</span> <span class='ocrx_word' id='word_1_75' title='bbox 294 1329 301 1374; x_wconf 92' lang='lat'>:</span> <span class='ocrx_word' id='word_1_76' title='bbox 322 1328 420 1391; x_wconf 90' lang='lat' dir='ltr'>neque</span> <span class='ocrx_word' id='word_1_77' title='bbox 435 1305 505 1372; x_wconf 73' lang='lat' dir='ltr'>sane</span> <span class='ocrx_word' id='word_1_78' title='bbox 519 1306 674 1383; x_wconf 72' lang='lat' dir='ltr'>descensus</span> <span class='ocrx_word' id='word_1_79' title='bbox 683 1305 832 1386; x_wconf 77' lang='lat' dir='ltr'>ismintis,</span> <span class='ocrx_word' id='word_1_80' title='bbox 852 1307 947 1390; x_wconf 78' lang='lat' dir='ltr'>quim</span> <span class='ocrx_word' id='word_1_81' title='bbox 954 1326 1005 1388; x_wconf 91' lang='lat' dir='ltr'>per</span> <span class='ocrx_word' id='word_1_82' title='bbox 1018 1311 1067 1372; x_wconf 92' lang='lat' dir='ltr'>du·</span> 
     </span>
     <span class='ocr_line' id='line_1_14' title="bbox 202 1383 1090 1475; baseline -0.005 -15"><span class='ocrx_word' id='word_1_83' title='bbox 202 1393 564 1460; x_wconf 71' lang='lat' dir='ltr'>centustadineonficiuu.</span> <span class='ocrx_word' id='word_1_84' title='bbox 602 1389 782 1473; x_wconf 80' lang='lat' dir='ltr'>Quinetiam</span> <span class='ocrx_word' id='word_1_85' title='bbox 793 1407 1012 1475; x_wconf 72' lang='lat' dir='ltr'>postumum,</span> <span class='ocrx_word' id='word_1_86' title='bbox 1031 1393 1066 1456; x_wconf 87' lang='lat' dir='ltr'>de</span> <span class='ocrx_word' id='word_1_87' title='bbox 1089 1383 1090 1468; x_wconf 62' lang='lat' dir='ltr'>i</span> 
     </span>
     <span class='ocr_line' id='line_1_15' title="bbox 204 1475 1090 1564; baseline -0.006 -20"><span class='ocrx_word' id='word_1_88' title='bbox 204 1499 268 1564; x_wconf 85' lang='lat' dir='ltr'>quo</span> <span class='ocrx_word' id='word_1_89' title='bbox 284 1482 323 1544; x_wconf 84' lang='lat' dir='ltr'>air</span> <span class='ocrx_word' id='word_1_90' title='bbox 340 1475 482 1562; x_wconf 83' lang='lat' dir='ltr'>Virgilius</span> <span class='ocrx_word' id='word_1_91' title='bbox 491 1521 505 1555; x_wconf 42' lang='lat' dir='ltr'>,r</span> <span class='ocrx_word' id='word_1_92' title='bbox 1089 1497 1090 1506; x_wconf 53' lang='lat'>¹</span> 
     </span>
    </p>
   </div>
   <div class='ocr_carea' id='block_1_4' title="bbox 158 1637 1001 1810">
    <p class='ocr_par' dir='ltr' id='par_1_4' title="bbox 158 1637 1001 1810">
     <span class='ocr_line' id='line_1_16' title="bbox 158 1637 1001 1727; baseline 0 -22"><span class='ocrx_word' id='word_1_93' title='bbox 158 1661 161 1669; x_wconf 85' lang='lat'>&#39;</span> <span class='ocrx_word' id='word_1_94' title='bbox 262 1641 367 1706; x_wconf 76' lang='lat' dir='ltr'>Potius</span> <span class='ocrx_word' id='word_1_95' title='bbox 381 1643 416 1706; x_wconf 90' lang='lat' dir='ltr'>ab</span> <span class='ocrx_word' id='word_1_96' title='bbox 431 1637 528 1726; x_wconf 75' lang='lat' dir='ltr'>acceffie</span> <span class='ocrx_word' id='word_1_97' title='bbox 542 1653 691 1704; x_wconf 76' lang='lat' dir='ltr'>venturum</span> <span class='ocrx_word' id='word_1_98' title='bbox 703 1643 833 1720; x_wconf 72' lang='lat' dir='ltr'>immotus</span> <span class='ocrx_word' id='word_1_99' title='bbox 847 1639 887 1712; x_wconf 57' lang='grc' dir='ltr'>Β</span> <span class='ocrx_word' id='word_1_100' title='bbox 905 1643 1001 1727; x_wconf 75' lang='lat' dir='ltr'>ingens</span> 
     </span>
     <span class='ocr_line' id='line_1_17' title="bbox 263 1725 959 1810; baseline -0.001 -22"><span class='ocrx_word' id='word_1_101' title='bbox 263 1725 339 1810; x_wconf 77' lang='lat' dir='ltr'>lpse,</span> <span class='ocrx_word' id='word_1_102' title='bbox 351 1725 647 1810; x_wconf 67' lang='lat' dir='ltr'>sedhurrifitr&#39;sjuxta</span> <span class='ocrx_word' id='word_1_103' title='bbox 660 1735 737 1788; x_wconf 81' lang='lat' dir='ltr'>tonat</span> <span class='ocrx_word' id='word_1_104' title='bbox 751 1727 836 1790; x_wconf 80' lang='lat' dir='ltr'>AEtna</span> <span class='ocrx_word' id='word_1_105' title='bbox 851 1729 959 1809; x_wconf 82' lang='lat' dir='ltr'>rui&#39;m&#39;r,</span> 
     </span>
    </p>
   </div>
   <div class='ocr_carea' id='block_1_5' title="bbox 200 1889 1067 2146">
    <p class='ocr_par' dir='ltr' id='par_1_5' title="bbox 200 1889 1067 2146">
     <span class='ocr_line' id='line_1_18' title="bbox 202 1889 1067 1978; baseline -0.001 -20"><span class='ocrx_word' id='word_1_106' title='bbox 202 1895 244 1959; x_wconf 82' lang='lat' dir='ltr'>ita</span> <span class='ocrx_word' id='word_1_107' title='bbox 259 1895 419 1976; x_wconf 82' lang='lat' dir='ltr'>implevere</span> <span class='ocrx_word' id='word_1_108' title='bbox 434 1889 674 1962; x_wconf 80' lang='lat' dir='ltr'>fluentnAEtnaea</span> <span class='ocrx_word' id='word_1_109' title='bbox 690 1939 700 1971; x_wconf 91' lang='lat'>‚</span> <span class='ocrx_word' id='word_1_110' title='bbox 720 1904 753 1956; x_wconf 90' lang='lat' dir='ltr'>nt</span> <span class='ocrx_word' id='word_1_111' title='bbox 765 1894 832 1973; x_wconf 80' lang='lat' dir='ltr'>jam</span> <span class='ocrx_word' id='word_1_112' title='bbox 846 1891 952 1960; x_wconf 74' lang='lat' dir='ltr'>errass&#39;e</span> <span class='ocrx_word' id='word_1_113' title='bbox 967 1893 1067 1978; x_wconf 82' lang='lat' dir='ltr'>Virgi-</span> 
     </span>
     <span class='ocr_line' id='line_1_19' title="bbox 201 1975 1066 2062; baseline -0.002 -18"><span class='ocrx_word' id='word_1_114' title='bbox 201 1981 279 2044; x_wconf 84' lang='lat' dir='ltr'>lium</span> <span class='ocrx_word' id='word_1_115' title='bbox 293 1994 390 2060; x_wconf 88' lang='lat' dir='ltr'>putes,</span> <span class='ocrx_word' id='word_1_116' title='bbox 413 1979 497 2060; x_wconf 68' lang='lat' dir='ltr'>quud</span> <span class='ocrx_word' id='word_1_117' title='bbox 512 1993 632 2061; x_wconf 88' lang='lat' dir='ltr'>portum</span> <span class='ocrx_word' id='word_1_118' title='bbox 648 1977 687 2043; x_wconf 92' lang='lat' dir='ltr'>ibi</span> <span class='ocrx_word' id='word_1_119' title='bbox 701 1975 760 2041; x_wconf 82' lang='lat' dir='ltr'>effe</span> <span class='ocrx_word' id='word_1_120' title='bbox 776 1979 932 2062; x_wconf 86' lang='lat' dir='ltr'>ingentem</span> <span class='ocrx_word' id='word_1_121' title='bbox 946 1977 1066 2058; x_wconf 81' lang='lat' dir='ltr'>dixerit,</span> 
     </span>
     <span class='ocr_line' id='line_1_20' title="bbox 200 2061 521 2146; baseline 0 -18"><span class='ocrx_word' id='word_1_122' title='bbox 200 2065 253 2146; x_wconf 86' lang='lat' dir='ltr'>qui</span> <span class='ocrx_word' id='word_1_123' title='bbox 268 2061 351 2145; x_wconf 75' lang='lat' dir='ltr'>pene</span> <span class='ocrx_word' id='word_1_124' title='bbox 365 2068 465 2128; x_wconf 90' lang='lat' dir='ltr'>nullus</span> <span class='ocrx_word' id='word_1_125' title='bbox 479 2064 521 2128; x_wconf 87' lang='lat' dir='ltr'>fit.</span> 
     </span>
    </p>
   </div>
   <div class='ocr_carea' id='block_1_6' title="bbox 388 2227 874 2299">
    <p class='ocr_par' dir='ltr' id='par_1_6' title="bbox 388 2227 874 2299">
     <span class='ocr_line' id='line_1_21' title="bbox 388 2227 874 2299; baseline -0.008 -3"><span class='ocrx_word' id='word_1_126' title='bbox 388 2229 625 2299; x_wconf 79' lang='lat' dir='ltr'>Bnnnus</span> <span class='ocrx_word' id='word_1_127' title='bbox 668 2227 874 2294; x_wconf 64' lang='lat' dir='ltr'>untur.</span> 
     </span>
    </p>
   </div>
   <div class='ocr_carea' id='block_1_7' title="bbox 199 2373 1089 2646">
    <p class='ocr_par' dir='ltr' id='par_1_7' title="bbox 199 2373 1089 2646">
     <span class='ocr_line' id='line_1_22' title="bbox 237 2373 1089 2461; baseline -0.005 -15"><span class='ocrx_word' id='word_1_128' title='bbox 237 2381 333 2461; x_wconf 82' lang='lat' dir='ltr'>Istud,</span> <span class='ocrx_word' id='word_1_129' title='bbox 356 2379 565 2456; x_wconf 79' lang='lat' dir='ltr'>nimirum,est</span> <span class='ocrx_word' id='word_1_130' title='bbox 574 2377 657 2461; x_wconf 87' lang='lat' dir='ltr'>quod</span> <span class='ocrx_word' id='word_1_131' title='bbox 673 2375 689 2441; x_wconf 73' lang='lat' dir='ltr'>i</span> <span class='ocrx_word' id='word_1_132' title='bbox 706 2377 852 2459; x_wconf 88' lang='lat' dir='ltr'>principio</span> <span class='ocrx_word' id='word_1_133' title='bbox 869 2377 1002 2454; x_wconf 82' lang='lat' dir='ltr'>dixeras,</span> <span class='ocrx_word' id='word_1_134' title='bbox 1014 2396 1067 2442; x_wconf 90' lang='lat' dir='ltr'>ce·</span> <span class='ocrx_word' id='word_1_135' title='bbox 1088 2373 1089 2442; x_wconf 72' lang='lat' dir='ltr'><em>J</em></span> 
     </span>
     <span class='ocr_line' id='line_1_23' title="bbox 200 2461 1068 2546; baseline -0.005 -18"><span class='ocrx_word' id='word_1_136' title='bbox 200 2465 269 2528; x_wconf 89' lang='lat' dir='ltr'>dere</span> <span class='ocrx_word' id='word_1_137' title='bbox 285 2469 341 2530; x_wconf 86' lang='lat' dir='ltr'>iliis</span> <span class='ocrx_word' id='word_1_138' title='bbox 357 2468 528 2531; x_wconf 78' lang='lat' dir='ltr'>volentibus</span> <span class='ocrx_word' id='word_1_139' title='bbox 544 2511 553 2545; x_wconf 86' lang='lat'>‚</span> <span class='ocrx_word' id='word_1_140' title='bbox 575 2479 664 2546; x_wconf 82' lang='lat' dir='ltr'>atque</span> <span class='ocrx_word' id='word_1_141' title='bbox 676 2480 785 2526; x_wconf 89' lang='lat' dir='ltr'>eorum</span> <span class='ocrx_word' id='word_1_142' title='bbox 799 2462 936 2528; x_wconf 80' lang='lat' dir='ltr'>contrahi</span> <span class='ocrx_word' id='word_1_143' title='bbox 953 2461 1068 2526; x_wconf 84' lang='lat' dir='ltr'>ardori·</span> 
     </span>
     <span class='ocr_line' id='line_1_24' title="bbox 199 2550 473 2646; baseline -0.015 -30"><span class='ocrx_word' id='word_1_144' title='bbox 199 2550 253 2616; x_wconf 81' lang='lat' dir='ltr'>bus</span> <span class='ocrx_word' id='word_1_145' title='bbox 268 2550 365 2631; x_wconf 89' lang='lat' dir='ltr'>ipsum</span> <span class='ocrx_word' id='word_1_146' title='bbox 381 2571 473 2646; x_wconf 80' lang='lat' dir='ltr'>mare.</span> 
     </span>
    </p>
   </div>
   <div class='ocr_carea' id='block_1_8' title="bbox 376 2713 884 2782">
    <p class='ocr_par' dir='ltr' id='par_1_8' title="bbox 376 2625 1089 2831">
     <span class='ocr_line' id='line_1_25' title="bbox 376 2713 884 2782; baseline -0.006 -2"><span class='ocrx_word' id='word_1_147' title='bbox 376 2714 611 2782; x_wconf 77' lang='lat' dir='ltr'>Brennus</span> <span class='ocrx_word' id='word_1_148' title='bbox 654 2713 884 2778; x_wconf 83' lang='lat' dir='ltr'>Frnrus.</span> 
     </span>
    </p>
   </div>
   <div class='ocr_carea' id='block_1_9' title="bbox 194 2859 1088 3280">
    <p class='ocr_par' dir='ltr' id='par_1_9' title="bbox 194 2859 1088 3264">
     <span class='ocr_line' id='line_1_26' title="bbox 236 2859 1068 2944; baseline -0.006 -15"><span class='ocrx_word' id='word_1_149' title='bbox 236 2861 287 2929; x_wconf 87' lang='lat' dir='ltr'>Est</span> <span class='ocrx_word' id='word_1_150' title='bbox 302 2866 343 2928; x_wconf 83' lang='lat' dir='ltr'>ita</span> <span class='ocrx_word' id='word_1_151' title='bbox 355 2863 501 2944; x_wconf 86' lang='lat' dir='ltr'>quidem,</span> <span class='ocrx_word' id='word_1_152' title='bbox 531 2878 563 2928; x_wconf 93' lang='lat' dir='ltr'>ut</span> <span class='ocrx_word' id='word_1_153' title='bbox 578 2863 651 2928; x_wconf 90' lang='lat' dir='ltr'>dicis</span> <span class='ocrx_word' id='word_1_154' title='bbox 667 2881 675 2928; x_wconf 92' lang='lat'>:</span> <span class='ocrx_word' id='word_1_155' title='bbox 702 2860 752 2926; x_wconf 90' lang='lat' dir='ltr'>sed</span> <span class='ocrx_word' id='word_1_156' title='bbox 775 2873 808 2924; x_wconf 90' lang='lat' dir='ltr'>ut</span> <span class='ocrx_word' id='word_1_157' title='bbox 822 2861 858 2924; x_wconf 85' lang='lat' dir='ltr'>ad</span> <span class='ocrx_word' id='word_1_158' title='bbox 873 2859 1068 2943; x_wconf 87' lang='lat' dir='ltr'>propofitum</span> 
     </span>
     <span class='ocr_line' id='line_1_27' title="bbox 195 2944 1069 3095; baseline -0.007 -81"><span class='ocrx_word' id='word_1_159' title='bbox 195 2965 394 3024; x_wconf 82' lang='lat' dir='ltr'>revertamur,</span> <span class='ocrx_word' id='word_1_160' title='bbox 415 2964 526 3028; x_wconf 81' lang='lat' dir='ltr'>reptare</span> <span class='ocrx_word' id='word_1_161' title='bbox 542 2967 592 3028; x_wconf 90' lang='lat' dir='ltr'>per</span> <span class='ocrx_word' id='word_1_162' title='bbox 607 2967 658 3012; x_wconf 84' lang='lat' dir='ltr'>eas</span> <span class='ocrx_word' id='word_1_163' title='bbox 674 2945 838 3095; x_wconf 45' lang='lat' dir='ltr'>erlessidines</span> <span class='ocrx_word' id='word_1_164' title='bbox 854 2989 864 3021; x_wconf 86' lang='lat'>,</span> <span class='ocrx_word' id='word_1_165' title='bbox 892 2963 968 3026; x_wconf 82' lang='lat' dir='ltr'>quas</span> <span class='ocrx_word' id='word_1_166' title='bbox 984 2944 1069 3021; x_wconf 88' lang='lat' dir='ltr'>disi,</span> 
     </span>
     <span class='ocr_line' id='line_1_28' title="bbox 195 3027 1068 3113; baseline -0.007 -17"><span class='ocrx_word' id='word_1_167' title='bbox 195 3035 312 3097; x_wconf 88' lang='lat' dir='ltr'>duobus</span> <span class='ocrx_word' id='word_1_168' title='bbox 326 3035 457 3096; x_wconf 88' lang='lat' dir='ltr'>millibus</span> <span class='ocrx_word' id='word_1_169' title='bbox 472 3032 608 3113; x_wconf 84' lang='lat' dir='ltr'>passuurn</span> <span class='ocrx_word' id='word_1_170' title='bbox 623 3049 698 3095; x_wconf 85' lang='lat' dir='ltr'>nece</span> <span class='ocrx_word' id='word_1_171' title='bbox 722 3027 795 3092; x_wconf 83' lang='lat' dir='ltr'>eest</span> <span class='ocrx_word' id='word_1_172' title='bbox 811 3029 951 3108; x_wconf 79' lang='lat' dir='ltr'>quemuis</span> <span class='ocrx_word' id='word_1_173' title='bbox 967 3042 1068 3091; x_wconf 79' lang='lat' dir='ltr'>crate·</span> 
     </span>
     <span class='ocr_line' id='line_1_29' title="bbox 194 3111 1088 3264; baseline -0.01 -84"><span class='ocrx_word' id='word_1_174' title='bbox 194 3135 261 3196; x_wconf 83' lang='lat' dir='ltr'>rem</span> <span class='ocrx_word' id='word_1_175' title='bbox 289 3115 432 3184; x_wconf 85' lang='lat' dir='ltr'>visuros:</span> <span class='ocrx_word' id='word_1_176' title='bbox 465 3119 616 3200; x_wconf 78' lang='lat' dir='ltr'>reliquum</span> <span class='ocrx_word' id='word_1_177' title='bbox 645 3117 699 3181; x_wconf 91' lang='lat' dir='ltr'>iter</span> <span class='ocrx_word' id='word_1_178' title='bbox 721 3115 754 3178; x_wconf 92' lang='lat' dir='ltr'>in</span> <span class='ocrx_word' id='word_1_179' title='bbox 775 3115 860 3195; x_wconf 86' lang='lat' dir='ltr'>equis</span> <span class='ocrx_word' id='word_1_180' title='bbox 888 3111 1088 3264; x_wconf 52' lang='lat' dir='ltr'>congestus„</span> 
     </span>
    </p>

    <p class='ocr_par' dir='ltr' id='par_1_10' title="bbox 224 3209 1068 3280">
     <span class='ocr_line' id='line_1_30' title="bbox 224 3209 1068 3280; baseline -0.005 -15"><span class='ocrx_word' id='word_1_181' title='bbox 224 3233 226 3236; x_wconf 95' lang='lat'>·</span> <span class='ocrx_word' id='word_1_182' title='bbox 987 3209 1068 3280; x_wconf 80' lang='lat' dir='ltr'>epte·</span> 
     </span>
    </p>
   </div>
   <div class='ocr_carea' id='block_1_10' title="bbox 0 0 1102 3656">
    <p class='ocr_par' dir='ltr' id='par_1_11' title="bbox 0 0 1102 3656">
     <span class='ocr_line' id='line_1_31' title="bbox 0 0 1102 3656; baseline 0 5"><span class='ocrx_word' id='word_1_183' title='bbox 0 0 1102 3656; x_wconf 95' lang='lat' dir='ltr'> </span> 
     </span>
    </p>
   </div>
  </div>
 </body>
</html>
