<?xml version="1.0" encoding="UTF-8"?>
<!DOCTYPE html PUBLIC "-//W3C//DTD XHTML 1.0 Transitional//EN"
    "http://www.w3.org/TR/xhtml1/DTD/xhtml1-transitional.dtd">
<html xmlns="http://www.w3.org/1999/xhtml" xml:lang="en" lang="en">
 <head>
  <title>
</title>
<meta http-equiv="Content-Type" content="text/html;charset=utf-8" />
  <meta name='ocr-system' content='tesseract 3.04.00' />
  <meta name='ocr-capabilities' content='ocr_page ocr_carea ocr_par ocr_line ocrx_word'/>
</head>
<body>
  <div class='ocr_page' id='page_1' title='image "./pcorneliiseveri00sevegoog_0249.png"; bbox 0 0 2194 3656; ppageno 0'>
   <div class='ocr_carea' id='block_1_1' title="bbox 192 84 979 202">
    <p class='ocr_par' dir='ltr' id='par_1_1' title="bbox 192 84 979 202">
     <span class='ocr_line' id='line_1_1' title="bbox 192 84 979 202; baseline -0.005 0"><span class='ocrx_word' id='word_1_1' title='bbox 192 135 253 202; x_wconf 68' lang='lat'>&#39;220</span> <span class='ocrx_word' id='word_1_2' title='bbox 367 129 404 196; x_wconf 81' lang='lat' dir='ltr'>r.</span> <span class='ocrx_word' id='word_1_3' title='bbox 446 84 666 198; x_wconf 75' lang='lat' dir='ltr'>narrat</span> <span class='ocrx_word' id='word_1_4' title='bbox 713 121 907 199; x_wconf 80' lang='lat' dir='ltr'>urnstt</span> <span class='ocrx_word' id='word_1_5' title='bbox 972 124 979 132; x_wconf 88' lang='lat'><em>·</em></span> 
     </span>
    </p>
   </div>
   <div class='ocr_carea' id='block_1_2' title="bbox 166 233 1054 983">
    <p class='ocr_par' dir='ltr' id='par_1_2' title="bbox 166 233 1054 983">
     <span class='ocr_line' id='line_1_2' title="bbox 190 233 1053 320; baseline -0.006 -16"><span class='ocrx_word' id='word_1_6' title='bbox 190 239 251 304; x_wconf 88' lang='lat' dir='ltr'>tint</span> <span class='ocrx_word' id='word_1_7' title='bbox 265 234 392 320; x_wconf 89' lang='lat' dir='ltr'>plurima</span> <span class='ocrx_word' id='word_1_8' title='bbox 407 234 438 298; x_wconf 88' lang='lat' dir='ltr'>in</span> <span class='ocrx_word' id='word_1_9' title='bbox 453 233 586 318; x_wconf 85' lang='lat' dir='ltr'>noslranr</span> <span class='ocrx_word' id='word_1_10' title='bbox 601 233 683 296; x_wconf 90' lang='lat' dir='ltr'>diem</span> <span class='ocrx_word' id='word_1_11' title='bbox 703 247 712 294; x_wconf 91' lang='lat'><strong>:</strong></span> <span class='ocrx_word' id='word_1_12' title='bbox 743 235 881 313; x_wconf 76' lang='lat' dir='ltr'>quedam</span> <span class='ocrx_word' id='word_1_13' title='bbox 896 234 929 299; x_wconf 89' lang='lat' dir='ltr'>se</span> <span class='ocrx_word' id='word_1_14' title='bbox 943 234 1053 301; x_wconf 81' lang='grc' dir='ltr'>ἰιιιιιιιι-1</span> 
     </span>
     <span class='ocr_line' id='line_1_3' title="bbox 188 314 1051 400; baseline -0.005 -14"><span class='ocrx_word' id='word_1_15' title='bbox 188 323 341 398; x_wconf 80' lang='lat' dir='ltr'>taretint,</span> <span class='ocrx_word' id='word_1_16' title='bbox 370 321 471 400; x_wconf 86' lang='lat' dir='ltr'>aliqua</span> <span class='ocrx_word' id='word_1_17' title='bbox 488 321 579 382; x_wconf 88' lang='lat' dir='ltr'>etiarn</span> <span class='ocrx_word' id='word_1_18' title='bbox 595 319 685 382; x_wconf 88' lang='lat' dir='ltr'>allata</span> <span class='ocrx_word' id='word_1_19' title='bbox 699 314 753 388; x_wconf 89' lang='lat' dir='ltr'>srnt</span> <span class='ocrx_word' id='word_1_20' title='bbox 767 335 849 382; x_wconf 85' lang='lat' dir='ltr'>nova</span> <span class='ocrx_word' id='word_1_21' title='bbox 871 337 879 382; x_wconf 90' lang='lat'>:</span> <span class='ocrx_word' id='word_1_22' title='bbox 907 339 998 398; x_wconf 86' lang='lat' dir='ltr'>nrm,</span> <span class='ocrx_word' id='word_1_23' title='bbox 1019 333 1051 382; x_wconf 91' lang='lat' dir='ltr'>ut</span> 
     </span>
     <span class='ocr_line' id='line_1_4' title="bbox 189 397 1052 490; baseline -0.001 -21"><span class='ocrx_word' id='word_1_24' title='bbox 189 419 289 469; x_wconf 87' lang='lat' dir='ltr'>cetera</span> <span class='ocrx_word' id='word_1_25' title='bbox 303 405 443 468; x_wconf 86' lang='lat' dir='ltr'>omittam</span> <span class='ocrx_word' id='word_1_26' title='bbox 457 447 466 480; x_wconf 91' lang='lat'>‚</span> <span class='ocrx_word' id='word_1_27' title='bbox 495 400 584 490; x_wconf 29' lang='lat' dir='ltr'>quod·</span> <span class='ocrx_word' id='word_1_28' title='bbox 592 397 727 467; x_wconf 88' lang='lat' dir='ltr'>cinerosa</span> <span class='ocrx_word' id='word_1_29' title='bbox 739 401 846 479; x_wconf 88' lang='lat' dir='ltr'>partim</span> <span class='ocrx_word' id='word_1_30' title='bbox 860 403 919 467; x_wconf 87' lang='lat' dir='ltr'>esse</span> <span class='ocrx_word' id='word_1_31' title='bbox 934 403 1052 468; x_wconf 88' lang='lat' dir='ltr'>summa</span> 
     </span>
     <span class='ocr_line' id='line_1_5' title="bbox 189 485 1050 568; baseline -0.003 -17"><span class='ocrx_word' id='word_1_32' title='bbox 189 489 350 554; x_wconf 87' lang='lat' dir='ltr'>cacumina</span> <span class='ocrx_word' id='word_1_33' title='bbox 364 487 498 550; x_wconf 78' lang='lat' dir='ltr'>dixerunt</span> <span class='ocrx_word' id='word_1_34' title='bbox 519 527 529 560; x_wconf 87' lang='lat'>‚</span> <span class='ocrx_word' id='word_1_35' title='bbox 559 503 623 563; x_wconf 75' lang='lat' dir='ltr'>epus</span> <span class='ocrx_word' id='word_1_36' title='bbox 644 485 686 547; x_wconf 91' lang='lat' dir='ltr'>rei</span> <span class='ocrx_word' id='word_1_37' title='bbox 710 502 791 547; x_wconf 90' lang='lat' dir='ltr'>nunc</span> <span class='ocrx_word' id='word_1_38' title='bbox 806 485 961 568; x_wconf 85' lang='lat' dir='ltr'>vestigium</span> <span class='ocrx_word' id='word_1_39' title='bbox 983 491 1050 549; x_wconf 84' lang='lat' dir='ltr'>nul·</span> 
     </span>
     <span class='ocr_line' id='line_1_6' title="bbox 188 569 1050 651; baseline -0.003 -16"><span class='ocrx_word' id='word_1_40' title='bbox 188 575 256 636; x_wconf 87' lang='lat' dir='ltr'>lum</span> <span class='ocrx_word' id='word_1_41' title='bbox 272 587 406 651; x_wconf 85' lang='lat' dir='ltr'>apparet:</span> <span class='ocrx_word' id='word_1_42' title='bbox 427 570 501 633; x_wconf 86' lang='lat' dir='ltr'>cinit</span> <span class='ocrx_word' id='word_1_43' title='bbox 517 569 601 632; x_wconf 88' lang='lat' dir='ltr'>enim</span> <span class='ocrx_word' id='word_1_44' title='bbox 614 611 623 645; x_wconf 88' lang='lat'>,</span> <span class='ocrx_word' id='word_1_45' title='bbox 637 569 689 648; x_wconf 88' lang='lat' dir='ltr'>qui</span> <span class='ocrx_word' id='word_1_46' title='bbox 703 581 793 648; x_wconf 86' lang='lat' dir='ltr'>queat</span> <span class='ocrx_word' id='word_1_47' title='bbox 805 571 936 650; x_wconf 82' lang='lat' dir='ltr'>conspici</span> <span class='ocrx_word' id='word_1_48' title='bbox 953 617 962 650; x_wconf 83' lang='lat'>‚</span> <span class='ocrx_word' id='word_1_49' title='bbox 984 585 1050 633; x_wconf 88' lang='lat' dir='ltr'>toto</span> 
     </span>
     <span class='ocr_line' id='line_1_7' title="bbox 190 649 1049 732; baseline -0.008 -11"><span class='ocrx_word' id='word_1_50' title='bbox 190 669 298 722; x_wconf 89' lang='lat' dir='ltr'>moute</span> <span class='ocrx_word' id='word_1_51' title='bbox 316 657 416 717; x_wconf 85' lang='lat' dir='ltr'>nullus</span> <span class='ocrx_word' id='word_1_52' title='bbox 431 651 472 714; x_wconf 85' lang='lat' dir='ltr'>est</span> <span class='ocrx_word' id='word_1_53' title='bbox 494 669 502 714; x_wconf 74' lang='grc' dir='ltr'>ε</span> <span class='ocrx_word' id='word_1_54' title='bbox 530 670 629 732; x_wconf 89' lang='lat' dir='ltr'>neque</span> <span class='ocrx_word' id='word_1_55' title='bbox 643 649 673 714; x_wconf 93' lang='lat' dir='ltr'>id</span> <span class='ocrx_word' id='word_1_56' title='bbox 688 665 790 731; x_wconf 86' lang='lat' dir='ltr'>tamen</span> <span class='ocrx_word' id='word_1_57' title='bbox 805 657 947 718; x_wconf 89' lang='lat' dir='ltr'>omnibus</span> <span class='ocrx_word' id='word_1_58' title='bbox 963 655 1049 717; x_wconf 84' lang='lat' dir='ltr'>annis</span> 
     </span>
     <span class='ocr_line' id='line_1_8' title="bbox 166 733 1051 817; baseline -0.002 -15"><span class='ocrx_word' id='word_1_59' title='bbox 166 738 247 802; x_wconf 83' lang='lat' dir='ltr'>&#39;fuit</span> <span class='ocrx_word' id='word_1_60' title='bbox 269 753 276 798; x_wconf 92' lang='lat'>:</span> <span class='ocrx_word' id='word_1_61' title='bbox 304 756 377 802; x_wconf 87' lang='lat' dir='ltr'>nam</span> <span class='ocrx_word' id='word_1_62' title='bbox 393 739 561 800; x_wconf 88' lang='lat' dir='ltr'>multotum</span> <span class='ocrx_word' id='word_1_63' title='bbox 584 733 756 799; x_wconf 85' lang='lat' dir='ltr'>testimonio</span> <span class='ocrx_word' id='word_1_64' title='bbox 773 741 969 817; x_wconf 81' lang='lat' dir='ltr'>accepimus,</span> <span class='ocrx_word' id='word_1_65' title='bbox 1000 738 1051 815; x_wconf 86' lang='lat' dir='ltr'>qui</span> 
     </span>
     <span class='ocr_line' id='line_1_9' title="bbox 191 817 1054 902; baseline -0.002 -18"><span class='ocrx_word' id='word_1_66' title='bbox 191 820 352 898; x_wconf 87' lang='lat' dir='ltr'>viderunt,</span> <span class='ocrx_word' id='word_1_67' title='bbox 381 821 466 884; x_wconf 86' lang='lat' dir='ltr'>aunis</span> <span class='ocrx_word' id='word_1_68' title='bbox 482 820 590 882; x_wconf 82' lang='lat' dir='ltr'>abhinc</span> <span class='ocrx_word' id='word_1_69' title='bbox 611 817 804 902; x_wconf 83' lang='lat' dir='ltr'>quadraginta</span> <span class='ocrx_word' id='word_1_70' title='bbox 819 832 917 884; x_wconf 88' lang='lat' dir='ltr'>tantos</span> <span class='ocrx_word' id='word_1_71' title='bbox 931 839 966 882; x_wconf 85' lang='lat' dir='ltr'>er</span> <span class='ocrx_word' id='word_1_72' title='bbox 984 818 1054 884; x_wconf 87' lang='lat' dir='ltr'>AEt·</span> 
     </span>
     <span class='ocr_line' id='line_1_10' title="bbox 192 901 1050 983; baseline -0.002 -15"><span class='ocrx_word' id='word_1_73' title='bbox 192 922 234 968; x_wconf 86' lang='lat' dir='ltr'>na</span> <span class='ocrx_word' id='word_1_74' title='bbox 252 905 366 969; x_wconf 88' lang='lat' dir='ltr'>cineres</span> <span class='ocrx_word' id='word_1_75' title='bbox 380 901 532 980; x_wconf 83' lang='lat' dir='ltr'>evolasse,</span> <span class='ocrx_word' id='word_1_76' title='bbox 555 915 587 965; x_wconf 92' lang='lat' dir='ltr'>ut</span> <span class='ocrx_word' id='word_1_77' title='bbox 602 920 652 982; x_wconf 90' lang='lat' dir='ltr'>per</span> <span class='ocrx_word' id='word_1_78' title='bbox 667 915 764 966; x_wconf 88' lang='lat' dir='ltr'>totam</span> <span class='ocrx_word' id='word_1_79' title='bbox 778 920 847 966; x_wconf 84' lang='lat' dir='ltr'>eam</span> <span class='ocrx_word' id='word_1_80' title='bbox 863 903 966 966; x_wconf 77' lang='lat' dir='ltr'>insula</span> <span class='ocrx_word' id='word_1_81' title='bbox 987 922 1050 983; x_wconf 85' lang='lat' dir='ltr'>par·</span> 
     </span>
    </p>
   </div>
   <div class='ocr_carea' id='block_1_3' title="bbox 191 983 1084 1070">
    <p class='ocr_par' dir='ltr' id='par_1_3' title="bbox 191 983 1084 1070">
     <span class='ocr_line' id='line_1_11' title="bbox 191 983 1084 1070; baseline -0.002 -19"><span class='ocrx_word' id='word_1_82' title='bbox 191 999 272 1064; x_wconf 87' lang='lat' dir='ltr'>tem,</span> <span class='ocrx_word' id='word_1_83' title='bbox 293 1006 359 1070; x_wconf 82' lang='lat' dir='ltr'>quau</span> <span class='ocrx_word' id='word_1_84' title='bbox 373 987 410 1050; x_wconf 88' lang='lat' dir='ltr'>ad</span> <span class='ocrx_word' id='word_1_85' title='bbox 424 986 566 1052; x_wconf 86' lang='lat' dir='ltr'>Pelorum</span> <span class='ocrx_word' id='word_1_86' title='bbox 578 983 659 1062; x_wconf 81' lang='lat' dir='ltr'>jacet</span> <span class='ocrx_word' id='word_1_87' title='bbox 672 1029 682 1064; x_wconf 83' lang='grc'><em>,</em></span> <span class='ocrx_word' id='word_1_88' title='bbox 698 1003 826 1050; x_wconf 89' lang='lat' dir='ltr'>omnem</span> <span class='ocrx_word' id='word_1_89' title='bbox 841 986 1049 1055; x_wconf 86' lang='lat' dir='ltr'>oleamabslu·</span> <span class='ocrx_word' id='word_1_90' title='bbox 1083 1011 1084 1014; x_wconf 40' lang='lat'>¹</span> 
     </span>
    </p>
   </div>
   <div class='ocr_carea' id='block_1_4' title="bbox 191 1069 1054 1572">
    <p class='ocr_par' dir='ltr' id='par_1_4' title="bbox 191 1069 1054 1572">
     <span class='ocr_line' id='line_1_12' title="bbox 191 1069 1052 1138; baseline -0.003 -4"><span class='ocrx_word' id='word_1_91' title='bbox 191 1073 308 1138; x_wconf 84' lang='lat' dir='ltr'>ierint:</span> <span class='ocrx_word' id='word_1_92' title='bbox 338 1089 390 1132; x_wconf 88' lang='lat' dir='ltr'>eus</span> <span class='ocrx_word' id='word_1_93' title='bbox 412 1071 503 1134; x_wconf 88' lang='lat' dir='ltr'>etiam</span> <span class='ocrx_word' id='word_1_94' title='bbox 525 1073 557 1132; x_wconf 89' lang='lat' dir='ltr'>in</span> <span class='ocrx_word' id='word_1_95' title='bbox 574 1070 691 1134; x_wconf 84' lang='lat' dir='ltr'>ltaliam</span> <span class='ocrx_word' id='word_1_96' title='bbox 714 1071 810 1134; x_wconf 89' lang='lat' dir='ltr'>ventis</span> <span class='ocrx_word' id='word_1_97' title='bbox 830 1069 990 1136; x_wconf 82' lang='lat' dir='ltr'>serentibus</span> <span class='ocrx_word' id='word_1_98' title='bbox 1011 1073 1052 1132; x_wconf 84' lang='lat' dir='ltr'>la·</span> 
     </span>
     <span class='ocr_line' id='line_1_13' title="bbox 192 1152 1053 1238; baseline -0.002 -20"><span class='ocrx_word' id='word_1_99' title='bbox 192 1167 240 1218; x_wconf 89' lang='lat' dir='ltr'>tos</span> <span class='ocrx_word' id='word_1_100' title='bbox 291 1153 352 1224; x_wconf 89' lang='lat' dir='ltr'>Sed</span> <span class='ocrx_word' id='word_1_101' title='bbox 367 1171 399 1219; x_wconf 86' lang='lat' dir='ltr'>ut</span> <span class='ocrx_word' id='word_1_102' title='bbox 413 1153 451 1217; x_wconf 89' lang='lat' dir='ltr'>ad</span> <span class='ocrx_word' id='word_1_103' title='bbox 466 1153 551 1216; x_wconf 90' lang='lat' dir='ltr'>nives</span> <span class='ocrx_word' id='word_1_104' title='bbox 562 1153 627 1216; x_wconf 87' lang='lat' dir='ltr'>illas</span> <span class='ocrx_word' id='word_1_105' title='bbox 642 1152 818 1238; x_wconf 74' lang='lat' dir='ltr'>redeamus,</span> <span class='ocrx_word' id='word_1_106' title='bbox 839 1154 964 1218; x_wconf 86' lang='lat' dir='ltr'>addebat</span> <span class='ocrx_word' id='word_1_107' title='bbox 972 1154 1053 1217; x_wconf 89' lang='lat' dir='ltr'>idem</span> 
     </span>
     <span class='ocr_line' id='line_1_14' title="bbox 193 1233 1054 1322; baseline -0.002 -20"><span class='ocrx_word' id='word_1_108' title='bbox 193 1233 364 1315; x_wconf 84' lang='lat' dir='ltr'>Urbanus,</span> <span class='ocrx_word' id='word_1_109' title='bbox 386 1235 529 1302; x_wconf 82' lang='lat' dir='ltr'>Calendis</span> <span class='ocrx_word' id='word_1_110' title='bbox 542 1236 638 1316; x_wconf 86' lang='lat' dir='ltr'><strong>Juniis</strong></span> <span class='ocrx_word' id='word_1_111' title='bbox 654 1235 851 1304; x_wconf 78' lang='lat' dir='ltr'>adscendente</span> <span class='ocrx_word' id='word_1_112' title='bbox 870 1236 916 1315; x_wconf 84' lang='lat' dir='ltr'>se,</span> <span class='ocrx_word' id='word_1_113' title='bbox 938 1239 1054 1322; x_wconf 82' lang='lat' dir='ltr'>largiter</span> 
     </span>
     <span class='ocr_line' id='line_1_15' title="bbox 192 1319 1053 1402; baseline -0.002 -17"><span class='ocrx_word' id='word_1_114' title='bbox 192 1321 371 1401; x_wconf 71' lang='lat' dir='ltr'>abundeque</span> <span class='ocrx_word' id='word_1_115' title='bbox 386 1319 508 1386; x_wconf 82' lang='lat' dir='ltr'>ninxisse</span> <span class='ocrx_word' id='word_1_116' title='bbox 530 1336 538 1380; x_wconf 92' lang='lat'>:</span> <span class='ocrx_word' id='word_1_117' title='bbox 560 1335 631 1390; x_wconf 70' lang='lat' dir='ltr'>‚tum</span> <span class='ocrx_word' id='word_1_118' title='bbox 653 1322 780 1398; x_wconf 88' lang='lat' dir='ltr'>iterum,</span> <span class='ocrx_word' id='word_1_119' title='bbox 820 1322 871 1402; x_wconf 85' lang='lat' dir='ltr'>qui</span> <span class='ocrx_word' id='word_1_120' title='bbox 884 1321 946 1384; x_wconf 88' lang='lat' dir='ltr'>dies</span> <span class='ocrx_word' id='word_1_121' title='bbox 966 1321 1053 1402; x_wconf 89' lang='lat' dir='ltr'>septi·</span> 
     </span>
     <span class='ocr_line' id='line_1_16' title="bbox 193 1401 1053 1486; baseline 0 -18"><span class='ocrx_word' id='word_1_122' title='bbox 193 1422 262 1470; x_wconf 83' lang='lat' dir='ltr'>mus</span> <span class='ocrx_word' id='word_1_123' title='bbox 278 1405 364 1470; x_wconf 87' lang='lat' dir='ltr'>fuerit</span> <span class='ocrx_word' id='word_1_124' title='bbox 380 1405 442 1486; x_wconf 85' lang='lat' dir='ltr'>post</span> <span class='ocrx_word' id='word_1_125' title='bbox 459 1423 530 1468; x_wconf 92' lang='lat' dir='ltr'>eum</span> <span class='ocrx_word' id='word_1_126' title='bbox 546 1403 644 1484; x_wconf 88' lang='lat' dir='ltr'>diem,</span> <span class='ocrx_word' id='word_1_127' title='bbox 665 1404 740 1468; x_wconf 89' lang='lat' dir='ltr'>dum</span> <span class='ocrx_word' id='word_1_128' title='bbox 755 1403 814 1485; x_wconf 89' lang='lat' dir='ltr'>ipse</span> <span class='ocrx_word' id='word_1_129' title='bbox 828 1401 970 1472; x_wconf 81' lang='lat' dir='ltr'>Randatii</span> <span class='ocrx_word' id='word_1_130' title='bbox 987 1423 1053 1468; x_wconf 89' lang='lat' dir='ltr'>mo·</span> 
     </span>
     <span class='ocr_line' id='line_1_17' title="bbox 195 1487 1050 1572; baseline 0.001 -20"><span class='ocrx_word' id='word_1_131' title='bbox 195 1502 330 1566; x_wconf 77' lang='lat' dir='ltr'>mittut,</span> <span class='ocrx_word' id='word_1_132' title='bbox 360 1507 399 1552; x_wconf 92' lang='lat' dir='ltr'>eo</span> <span class='ocrx_word' id='word_1_133' title='bbox 423 1487 471 1552; x_wconf 89' lang='lat' dir='ltr'>die</span> <span class='ocrx_word' id='word_1_134' title='bbox 489 1489 521 1550; x_wconf 92' lang='lat' dir='ltr'>in</span> <span class='ocrx_word' id='word_1_135' title='bbox 535 1488 704 1552; x_wconf 86' lang='lat' dir='ltr'>universam</span> <span class='ocrx_word' id='word_1_136' title='bbox 718 1501 899 1552; x_wconf 87' lang='lat' dir='ltr'>montanam</span> <span class='ocrx_word' id='word_1_137' title='bbox 918 1493 1050 1572; x_wconf 80' lang='lat' dir='ltr'>plagam,</span> 
     </span>
    </p>
   </div>
   <div class='ocr_carea' id='block_1_5' title="bbox 76 1569 1053 1654">
    <p class='ocr_par' dir='ltr' id='par_1_5' title="bbox 76 1569 1053 1654">
     <span class='ocr_line' id='line_1_18' title="bbox 76 1569 1053 1654; baseline 0.002 -19"><span class='ocrx_word' id='word_1_138' title='bbox 76 1627 79 1635; x_wconf 92' lang='lat'>.</span> <span class='ocrx_word' id='word_1_139' title='bbox 193 1571 278 1638; x_wconf 83' lang='lat' dir='ltr'>nives</span> <span class='ocrx_word' id='word_1_140' title='bbox 292 1569 352 1634; x_wconf 72' lang='lat' dir='ltr'>fere</span> <span class='ocrx_word' id='word_1_141' title='bbox 367 1572 494 1651; x_wconf 88' lang='lat' dir='ltr'>inpedis</span> <span class='ocrx_word' id='word_1_142' title='bbox 509 1570 698 1646; x_wconf 79' lang='lat' dir='ltr'>altitudinem</span> <span class='ocrx_word' id='word_1_143' title='bbox 709 1569 891 1636; x_wconf 86' lang='lat' dir='ltr'>descendisse</span> <span class='ocrx_word' id='word_1_144' title='bbox 906 1593 917 1650; x_wconf 93' lang='lat'>;</span> <span class='ocrx_word' id='word_1_145' title='bbox 937 1573 966 1634; x_wconf 92' lang='lat' dir='ltr'>in</span> <span class='ocrx_word' id='word_1_146' title='bbox 990 1592 1053 1654; x_wconf 88' lang='lat' dir='ltr'>quo</span> 
     </span>
    </p>
   </div>
   <div class='ocr_carea' id='block_1_6' title="bbox 193 1651 1063 2472">
    <p class='ocr_par' dir='ltr' id='par_1_6' title="bbox 193 1651 1063 2472">
     <span class='ocr_line' id='line_1_19' title="bbox 195 1651 1056 1740; baseline 0.003 -22"><span class='ocrx_word' id='word_1_147' title='bbox 195 1655 259 1735; x_wconf 93' lang='lat' dir='ltr'>ipso</span> <span class='ocrx_word' id='word_1_148' title='bbox 288 1655 358 1718; x_wconf 87' lang='lat' dir='ltr'>licet</span> <span class='ocrx_word' id='word_1_149' title='bbox 381 1653 543 1718; x_wconf 86' lang='lat' dir='ltr'>Pindarum</span> <span class='ocrx_word' id='word_1_150' title='bbox 558 1655 702 1735; x_wconf 85' lang='lat' dir='ltr'>suspicere</span> <span class='ocrx_word' id='word_1_151' title='bbox 715 1699 725 1733; x_wconf 91' lang='lat'>,</span> <span class='ocrx_word' id='word_1_152' title='bbox 737 1717 740 1740; x_wconf 68' lang='grc'>,</span> <span class='ocrx_word' id='word_1_153' title='bbox 753 1651 823 1718; x_wconf 72' lang='lat' dir='ltr'>scite</span> <span class='ocrx_word' id='word_1_154' title='bbox 849 1671 1056 1740; x_wconf 81' lang='lat' dir='ltr'>cognomento</span> 
     </span>
     <span class='ocr_line' id='line_1_20' title="bbox 196 1735 1056 1820; baseline 0.003 -18"><span class='ocrx_word' id='word_1_155' title='bbox 196 1737 308 1812; x_wconf 84' lang='lat' dir='ltr'>usum,</span> <span class='ocrx_word' id='word_1_156' title='bbox 336 1739 387 1817; x_wconf 88' lang='lat' dir='ltr'>qui</span> <span class='ocrx_word' id='word_1_157' title='bbox 411 1735 541 1802; x_wconf 87' lang='lat' dir='ltr'>AEtnam</span> <span class='ocrx_word' id='word_1_158' title='bbox 571 1739 688 1802; x_wconf 84' lang='lat' dir='ltr'>nivium</span> <span class='ocrx_word' id='word_1_159' title='bbox 715 1740 864 1810; x_wconf 87' lang='lat' dir='ltr'>nutricem</span> <span class='ocrx_word' id='word_1_160' title='bbox 892 1743 1056 1820; x_wconf 84' lang='lat' dir='ltr'>appellarit.</span> 
     </span>
     <span class='ocr_line' id='line_1_21' title="bbox 193 1819 1057 1904; baseline 0.007 -21"><span class='ocrx_word' id='word_1_161' title='bbox 193 1819 269 1904; x_wconf 91' lang='lat' dir='ltr'>Quo</span> <span class='ocrx_word' id='word_1_162' title='bbox 288 1821 379 1886; x_wconf 86' lang='lat' dir='ltr'>latere</span> <span class='ocrx_word' id='word_1_163' title='bbox 395 1819 488 1884; x_wconf 88' lang='lat' dir='ltr'>subest</span> <span class='ocrx_word' id='word_1_164' title='bbox 507 1819 640 1901; x_wconf 85' lang='lat' dir='ltr'>Catina,</span> <span class='ocrx_word' id='word_1_165' title='bbox 682 1819 781 1886; x_wconf 76' lang='lat' dir='ltr'>metit</span> <span class='ocrx_word' id='word_1_166' title='bbox 795 1819 856 1886; x_wconf 72' lang='lat' dir='ltr'>sere</span> <span class='ocrx_word' id='word_1_167' title='bbox 870 1822 946 1886; x_wconf 88' lang='lat' dir='ltr'>inter</span> <span class='ocrx_word' id='word_1_168' title='bbox 961 1823 1057 1904; x_wconf 82' lang='lat' dir='ltr'>ipsam</span> 
     </span>
     <span class='ocr_line' id='line_1_22' title="bbox 197 1903 1058 1989; baseline 0.006 -23"><span class='ocrx_word' id='word_1_169' title='bbox 197 1903 390 1968; x_wconf 86' lang='lat' dir='ltr'>&amp;cacumen</span> <span class='ocrx_word' id='word_1_170' title='bbox 409 1905 555 1989; x_wconf 84' lang='lat' dir='ltr'>regione,</span> <span class='ocrx_word' id='word_1_171' title='bbox 576 1903 740 1984; x_wconf 83' lang='lat' dir='ltr'>putiffimtts</span> <span class='ocrx_word' id='word_1_172' title='bbox 768 1903 798 1968; x_wconf 74' lang='grc' dir='ltr'>ἀ</span> <span class='ocrx_word' id='word_1_173' title='bbox 825 1907 961 1986; x_wconf 88' lang='lat' dir='ltr'>perennis</span> <span class='ocrx_word' id='word_1_174' title='bbox 979 1907 1058 1972; x_wconf 80' lang='lat' dir='ltr'>sons</span> 
     </span>
     <span class='ocr_line' id='line_1_23' title="bbox 196 1985 1059 2070; baseline 0.003 -19"><span class='ocrx_word' id='word_1_175' title='bbox 196 1987 325 2068; x_wconf 86' lang='lat' dir='ltr'>erumpit</span> <span class='ocrx_word' id='word_1_176' title='bbox 340 1985 458 2052; x_wconf 88' lang='lat' dir='ltr'>Dorico</span> <span class='ocrx_word' id='word_1_177' title='bbox 473 1989 622 2052; x_wconf 89' lang='lat' dir='ltr'>vocabulo</span> <span class='ocrx_word' id='word_1_178' title='bbox 636 1987 739 2054; x_wconf 89' lang='lat' dir='ltr'>Crana</span> <span class='ocrx_word' id='word_1_179' title='bbox 753 1991 791 2052; x_wconf 90' lang='lat' dir='ltr'>ab</span> <span class='ocrx_word' id='word_1_180' title='bbox 807 1987 914 2053; x_wconf 89' lang='lat' dir='ltr'>incolis</span> <span class='ocrx_word' id='word_1_181' title='bbox 929 1995 1059 2070; x_wconf 86' lang='lat' dir='ltr'>appella·</span> 
     </span>
     <span class='ocr_line' id='line_1_24' title="bbox 195 2069 1060 2156; baseline 0.003 -21"><span class='ocrx_word' id='word_1_182' title='bbox 195 2083 254 2135; x_wconf 90' lang='lat' dir='ltr'>tus.</span> <span class='ocrx_word' id='word_1_183' title='bbox 282 2069 427 2136; x_wconf 76' lang='lat' dir='ltr'>Ceterum</span> <span class='ocrx_word' id='word_1_184' title='bbox 441 2083 507 2135; x_wconf 88' lang='lat' dir='ltr'>toto</span> <span class='ocrx_word' id='word_1_185' title='bbox 525 2088 631 2136; x_wconf 89' lang='lat' dir='ltr'>monte</span> <span class='ocrx_word' id='word_1_186' title='bbox 646 2073 730 2154; x_wconf 89' lang='lat' dir='ltr'>supra</span> <span class='ocrx_word' id='word_1_187' title='bbox 745 2071 857 2136; x_wconf 87' lang='lat' dir='ltr'>radices</span> <span class='ocrx_word' id='word_1_188' title='bbox 871 2076 962 2137; x_wconf 77' lang='lat' dir='ltr'>null-a</span> <span class='ocrx_word' id='word_1_189' title='bbox 975 2093 1060 2156; x_wconf 81' lang='lat' dir='ltr'>aquae</span> 
     </span>
     <span class='ocr_line' id='line_1_25' title="bbox 196 2154 1063 2239; baseline 0.003 -19"><span class='ocrx_word' id='word_1_190' title='bbox 196 2154 287 2235; x_wconf 90' lang='lat' dir='ltr'>sunt,</span> <span class='ocrx_word' id='word_1_191' title='bbox 309 2155 360 2219; x_wconf 91' lang='lat' dir='ltr'>nist</span> <span class='ocrx_word' id='word_1_192' title='bbox 376 2173 441 2236; x_wconf 84' lang='lat' dir='ltr'>quae</span> <span class='ocrx_word' id='word_1_193' title='bbox 455 2157 504 2218; x_wconf 88' lang='lat' dir='ltr'>vel</span> <span class='ocrx_word' id='word_1_194' title='bbox 521 2173 556 2218; x_wconf 86' lang='lat' dir='ltr'>er</span> <span class='ocrx_word' id='word_1_195' title='bbox 570 2157 688 2228; x_wconf 83' lang='lat' dir='ltr'>nivibus</span> <span class='ocrx_word' id='word_1_196' title='bbox 702 2169 867 2236; x_wconf 87' lang='lat' dir='ltr'>emanant:</span> <span class='ocrx_word' id='word_1_197' title='bbox 895 2156 980 2238; x_wconf 88' lang='lat' dir='ltr'>cujus</span> <span class='ocrx_word' id='word_1_198' title='bbox 996 2161 1063 2239; x_wconf 88' lang='lat' dir='ltr'>qui-</span> 
     </span>
     <span class='ocr_line' id='line_1_26' title="bbox 198 2235 1061 2322; baseline 0.003 -21"><span class='ocrx_word' id='word_1_199' title='bbox 198 2237 271 2302; x_wconf 89' lang='lat' dir='ltr'>dem</span> <span class='ocrx_word' id='word_1_200' title='bbox 282 2239 323 2303; x_wconf 88' lang='lat' dir='ltr'>rei</span> <span class='ocrx_word' id='word_1_201' title='bbox 338 2235 757 2310; x_wconf 82' lang='lat' dir='ltr'>etiamTheoctitumtestem</span> <span class='ocrx_word' id='word_1_202' title='bbox 769 2239 930 2318; x_wconf 87' lang='lat' dir='ltr'>habemus,</span> <span class='ocrx_word' id='word_1_203' title='bbox 950 2242 1061 2322; x_wconf 87' lang='lat' dir='ltr'>inquo</span> 
     </span>
     <span class='ocr_line' id='line_1_27' title="bbox 196 2319 1062 2404; baseline 0.005 -20"><span class='ocrx_word' id='word_1_204' title='bbox 196 2321 272 2385; x_wconf 89' lang='lat' dir='ltr'>dum</span> <span class='ocrx_word' id='word_1_205' title='bbox 288 2319 421 2386; x_wconf 80' lang='lat' dir='ltr'>Galatea</span> <span class='ocrx_word' id='word_1_206' title='bbox 434 2321 567 2404; x_wconf 83' lang='lat' dir='ltr'>Cyclops</span> <span class='ocrx_word' id='word_1_207' title='bbox 582 2336 737 2389; x_wconf 89' lang='lat' dir='ltr'>enumerat</span> <span class='ocrx_word' id='word_1_208' title='bbox 753 2321 868 2388; x_wconf 80' lang='lat' dir='ltr'>divitias</span> <span class='ocrx_word' id='word_1_209' title='bbox 884 2323 974 2404; x_wconf 85' lang='lat' dir='ltr'>suas,</span> <span class='ocrx_word' id='word_1_210' title='bbox 998 2327 1062 2389; x_wconf 84' lang='lat' dir='ltr'>haec</span> 
     </span>
     <span class='ocr_line' id='line_1_28' title="bbox 198 2404 472 2472; baseline 0.007 -4"><span class='ocrx_word' id='word_1_211' title='bbox 198 2407 291 2472; x_wconf 84' lang='lat' dir='ltr'>etiam</span> <span class='ocrx_word' id='word_1_212' title='bbox 308 2404 472 2470; x_wconf 89' lang='lat' dir='ltr'>interserit:</span> 
     </span>
    </p>
   </div>
   <div class='ocr_carea' id='block_1_7' title="bbox 258 2567 1004 2740">
    <p class='ocr_par' dir='ltr' id='par_1_7' title="bbox 258 2567 1004 2740">
     <span class='ocr_line' id='line_1_29' title="bbox 258 2567 952 2658; baseline 0.003 -26"><span class='ocrx_word' id='word_1_213' title='bbox 258 2567 310 2652; x_wconf 79' lang='lat' dir='ltr'>Est</span> <span class='ocrx_word' id='word_1_214' title='bbox 321 2567 446 2652; x_wconf 75' lang='lat' dir='ltr'>glacialis</span> <span class='ocrx_word' id='word_1_215' title='bbox 461 2591 537 2657; x_wconf 76' lang='lat' dir='ltr'>aque</span> <span class='ocrx_word' id='word_1_216' title='bbox 551 2574 636 2634; x_wconf 79' lang='lat' dir='ltr'>rivus</span> <span class='ocrx_word' id='word_1_217' title='bbox 648 2569 722 2635; x_wconf 78' lang='lat' dir='ltr'>mihi</span> <span class='ocrx_word' id='word_1_218' title='bbox 730 2618 740 2652; x_wconf 89' lang='lat'>,</span> <span class='ocrx_word' id='word_1_219' title='bbox 759 2590 840 2658; x_wconf 83' lang='lat' dir='ltr'>quem</span> <span class='ocrx_word' id='word_1_220' title='bbox 842 2570 952 2658; x_wconf 76' lang='lat' dir='ltr'>sylrlofa</span> 
     </span>
     <span class='ocr_line' id='line_1_30' title="bbox 258 2651 1004 2740; baseline 0.013 -26"><span class='ocrx_word' id='word_1_221' title='bbox 258 2651 432 2717; x_wconf 71' lang='lat' dir='ltr'>Nessareum</span> <span class='ocrx_word' id='word_1_222' title='bbox 447 2659 478 2719; x_wconf 78' lang='lat' dir='ltr'>in</span> <span class='ocrx_word' id='word_1_223' title='bbox 487 2667 586 2740; x_wconf 78' lang='lat' dir='ltr'>potam</span> <span class='ocrx_word' id='word_1_224' title='bbox 601 2655 718 2720; x_wconf 75' lang='lat' dir='ltr'>nivibus</span> <span class='ocrx_word' id='word_1_225' title='bbox 724 2653 794 2736; x_wconf 76' lang='lat' dir='ltr'>fluit</span> <span class='ocrx_word' id='word_1_226' title='bbox 806 2656 1004 2738; x_wconf 59' lang='lat' dir='ltr'>uenantum.</span> 
     </span>
    </p>
   </div>
   <div class='ocr_carea' id='block_1_8' title="bbox 195 2821 1064 3228">
    <p class='ocr_par' dir='ltr' id='par_1_8' title="bbox 195 2821 1064 3228">
     <span class='ocr_line' id='line_1_31' title="bbox 195 2821 1060 2910; baseline 0.002 -24"><span class='ocrx_word' id='word_1_227' title='bbox 195 2833 247 2886; x_wconf 83' lang='lat' dir='ltr'>aut</span> <span class='ocrx_word' id='word_1_228' title='bbox 262 2821 281 2884; x_wconf 81' lang='lat' dir='ltr'>fi</span> <span class='ocrx_word' id='word_1_229' title='bbox 297 2839 363 2903; x_wconf 76' lang='lat' dir='ltr'>quac</span> <span class='ocrx_word' id='word_1_230' title='bbox 377 2821 454 2886; x_wconf 87' lang='lat' dir='ltr'>intra</span> <span class='ocrx_word' id='word_1_231' title='bbox 468 2823 606 2910; x_wconf 74' lang='lat' dir='ltr'>fagorum</span> <span class='ocrx_word' id='word_1_232' title='bbox 620 2837 741 2890; x_wconf 86' lang='lat' dir='ltr'>truncos</span> <span class='ocrx_word' id='word_1_233' title='bbox 754 2825 860 2905; x_wconf 84' lang='lat' dir='ltr'>pluviis</span> <span class='ocrx_word' id='word_1_234' title='bbox 873 2821 1060 2890; x_wconf 89' lang='lat' dir='ltr'>descenden-</span> 
     </span>
     <span class='ocr_line' id='line_1_32' title="bbox 196 2906 1064 2988; baseline 0.005 -20"><span class='ocrx_word' id='word_1_235' title='bbox 196 2907 273 2968; x_wconf 89' lang='lat' dir='ltr'>tibus</span> <span class='ocrx_word' id='word_1_236' title='bbox 291 2907 506 2986; x_wconf 88' lang='lat' dir='ltr'>relinquuntur.</span> <span class='ocrx_word' id='word_1_237' title='bbox 549 2909 643 2988; x_wconf 87' lang='lat' dir='ltr'>Atqui</span> <span class='ocrx_word' id='word_1_238' title='bbox 657 2911 703 2971; x_wconf 80' lang='lat' dir='ltr'>&#39;res</span> <span class='ocrx_word' id='word_1_239' title='bbox 718 2906 747 2971; x_wconf 76' lang='lat' dir='ltr'>tr</span> <span class='ocrx_word' id='word_1_240' title='bbox 762 2912 848 2974; x_wconf 87' lang='lat' dir='ltr'>locus</span> <span class='ocrx_word' id='word_1_241' title='bbox 863 2929 915 2974; x_wconf 89' lang='lat' dir='ltr'>mc</span> <span class='ocrx_word' id='word_1_242' title='bbox 930 2928 1064 2974; x_wconf 80' lang='lat' dir='ltr'>monus·</span> 
     </span>
     <span class='ocr_line' id='line_1_33' title="bbox 196 2991 1064 3072; baseline 0.002 -20"><span class='ocrx_word' id='word_1_243' title='bbox 196 3002 292 3064; x_wconf 86' lang='lat' dir='ltr'>runt,</span> <span class='ocrx_word' id='word_1_244' title='bbox 316 3005 348 3057; x_wconf 88' lang='lat' dir='ltr'>ut</span> <span class='ocrx_word' id='word_1_245' title='bbox 372 2991 454 3070; x_wconf 90' lang='lat' dir='ltr'>quud</span> <span class='ocrx_word' id='word_1_246' title='bbox 478 2992 517 3054; x_wconf 90' lang='lat' dir='ltr'>ibi</span> <span class='ocrx_word' id='word_1_247' title='bbox 541 2991 671 3054; x_wconf 89' lang='lat' dir='ltr'>vidimus</span> <span class='ocrx_word' id='word_1_248' title='bbox 694 2995 929 3072; x_wconf 84' lang='lat' dir='ltr'>pulcherrimum</span> <span class='ocrx_word' id='word_1_249' title='bbox 952 3007 1064 3058; x_wconf 85' lang='lat' dir='ltr'>natura</span> 
     </span>
     <span class='ocr_line' id='line_1_34' title="bbox 196 3069 1061 3228; baseline 0.012 -96"><span class='ocrx_word' id='word_1_250' title='bbox 196 3087 272 3152; x_wconf 89' lang='lat' dir='ltr'>opus</span> <span class='ocrx_word' id='word_1_251' title='bbox 294 3069 324 3135; x_wconf 77' lang='lat' dir='ltr'>u</span> <span class='ocrx_word' id='word_1_252' title='bbox 346 3075 445 3156; x_wconf 81' lang='lat' dir='ltr'>mirati</span> <span class='ocrx_word' id='word_1_253' title='bbox 464 3073 577 3140; x_wconf 87' lang='lat' dir='ltr'>suimus</span> <span class='ocrx_word' id='word_1_254' title='bbox 598 3071 757 3158; x_wconf 70' lang='lat' dir='ltr'>maxime,</span> <span class='ocrx_word' id='word_1_255' title='bbox 792 3096 856 3144; x_wconf 81' lang='lat' dir='ltr'>nnn</span> <span class='ocrx_word' id='word_1_256' title='bbox 869 3078 1061 3228; x_wconf 61' lang='lat' dir='ltr'>preterircffi.</span> 
     </span>
    </p>
   </div>
   <div class='ocr_carea' id='block_1_9' title="bbox 0 0 1118 3656">
    <p class='ocr_par' dir='ltr' id='par_1_9' title="bbox 0 0 1118 3656">
     <span class='ocr_line' id='line_1_35' title="bbox 0 0 1118 3656; baseline 0 0"><span class='ocrx_word' id='word_1_257' title='bbox 0 0 1118 3656; x_wconf 95' lang='lat' dir='ltr'> </span> 
     </span>
    </p>
   </div>
  </div>
 </body>
</html>
