2210 3660
195 165 260 242 ma
347 135 923 224 asssmotulnuu
1023 243 1027 251 ⁵

192 267 238 328 ml
258 264 357 343 Pater,
380 277 482 331 motus
495 262 515 326 ii
530 258 702 348 Galliarum
720 253 916 341 perturbant,
942 257 994 343 qui
1012 259 1057 328 fe«.

64 421 72 434 ,
192 349 318 414 runtur?

371 473 618 542 Barnous.
659 461 873 537 Prinna.

228 595 366 670 Minimd
381 601 424 664 illi
440 599 588 682 quidem:
626 598 733 665 vetum
748 595 924 665 'admodum
937 602 1057 685 gaudeo

188 691 218 752 ie
236 685 253 750 b
269 687 370 751 Sicilia
384 684 519 748 rediille:
548 703 622 748 nam
637 685 657 748 fi
674 683 788 765 aliquid
800 687 948 763 evenerit,
969 691 1056 750 malo

187 781 218 835 te
234 767 283 833 hle
298 766 375 846 effe,
397 770 447 832 ubi
463 779 573 832 omnes
588 767 708 847 sumus,
728 766 821 850 quam
837 769 917 848 illic,
935 769 986 834 ubi
1000 784 1063 844 neb,

186 857 305 920 minem
320 854 409 917 habes
423 869 557 916 tuorum.

374 967 614 1050 Bantius
656 957 881 1049 Ftn'rus'.
943 1081 945 1088 Ι

230 1105 384 1189 Equidem
391 1102 497 1168 adsum
512 1122 547 1165 ac
563 1103 676 1177 libens,
700 1098 774 1164 ciam
782 1121 817 1166 ea
826 1101 863 1166 de
871 1102 975 1182 causa,
989 1101 1058 1169 tum

88 1204 93 1214 '
157 1219 159 1224 ·
188 1196 260 1278 quia
274 1191 358 1254 vobis
366 1189 507 1256 omnibus
517 1187 692 1250 carebamus
704 1183 982 1265 jamnimibmdiu:
1003 1207 1058 1252 ca·

188 1297 228 1342 ve
242 1292 345 1350 tamen
367 1287 451 1352 putes
474 1271 561 1334 nobis
580 1271 643 1342 ,hoc
661 1267 807 1334 Sicilienli
830 1271 954 1337 biennio
970 1271 1059 1354 quid-

191 1361 285 1444 quani
298 1359 330 1422 in
344 1359 405 1420 vita
420 1353 503 1420 fuille
518 1353 689 1434 jucundius.

381 1479 868 1548 BrunusPnlnm

235 1583 411 1670 Gaudeo&
427 1603 457 1672 id
473 1601 621 1682 quidem:
650 1599 740 1683 idque
754 1601 851 1684 ipsum
868 1595 903 1667 ἀ
919 1619 956 1666 eo
970 1581 1063 1682 susp,
1095 1607 1096 1636 i

194 1691 361 1763 cabainur,
392 1685 476 1766 quod
491 1686 632 1750 nondum
646 1685 684 1748 ad
695 1705 762 1750 ,nos
776 1679 958 1770 cogitabatis.
999 1684 1064 1750 Sed

194 1769 390 1856 posteaqulm
406 1771 526 1833 inerim
542 1767 716 1834 sermonem
731 1769 892 1834 incidimus
927 1768 1064 1834 utdeSi-

193 1857 264 1921 cilia
279 1857 488 1935 loqueremur,
510 1871 596 1916 narra
610 1853 686 1916 niihi
700 1817 963 1934 quemadmodum
976 1872 1013 1918 ca
1029 1851 1062 1916 se

193 1941 322 2017 liabent,
342 1957 408 2018 qua
423 1937 461 2000 de
476 1935 602 2001 AEtriaais
616 1937 734 2019 ignibus
748 1936 777 2000 dt
793 1937 926 2002 feruntur
940 1934 1064 2018 pallini,

105 2017 108 2022 ’
196 2025 408 2109 &leguntur:
444 2036 472 2083 tc
487 2022 570 2082 enim
585 2017 731 2084 acccfftffe
752 2020 825 2084 illuc
847 2020 920 2085 curn
935 2019 1064 2102 Angclo

90 2159 92 2174 .
196 2122 272 2184 too,
293 2108 452 2184 totumque
467 2117 606 2166 montem
620 2101 800 2184 perlullraffe
815 2105 1010 2168 audiebamus
1033 2103 1066 2166 dt

198 2192 288 2256 nobis
302 2189 427 2269 quidem
444 2184 522 2251 certe
536 2205 617 2250 nune
631 2199 735 2252 vacat:
754 2189 985 2270 quidcnimhoc
995 2185 1069 2250 astu

198 2292 323 2358 agamus
338 2272 505 2336 meridiano
522 2269 534 2332 ?
566 2289 664 2351 neque
680 2270 722 2334 est
739 2316 748 2347 ,
774 2272 857 2351 quod
872 2291 930 2356 ego
944 2271 1068 2336 soleam

199 2353 352 2436 libentius,
374 2355 467 2439 quim
477 2355 513 2419 de
529 2369 640 2418 natura
655 2356 806 2420 miraculis
820 2355 931 2420 audire.

315 2499 610 2578 bannos
653 2494 876 2568 Florus.

240 2628 316 2695 Hac
330 2625 404 2696 verb
425 2643 457 2693 ut
477 2633 567 2707 libet,
582 2630 679 2696 modo
693 2633 812 2696 valeam
823 2630 978 2703 r'ec‘e'useie
997 2653 1008 2712 ;
1038 2631 1071 2695 dr

201 2715 326 2795 quidem
340 2713 488 2795 ejusmodi
504 2714 570 2778 sunt
586 2761 595 2794 ,
622 2731 655 2778 ut
675 2717 726 2778 tibi
742 2717 873 2779 audienti
889 2715 996 2780 afferre
1017 2717 1073 2779 vel

198 2812 342 2882 magnam
355 2796 476 2878 possint,
497 2797 570 2861 mihi
579 2797 657 2864 certe
666 2802 794 2863 narranti
802 2798 917 2880 semper
925 2801 1074 2891 aliquam*

199 2880 544 2968 afferant-voluptatem,
576 2895 763 2964 quamquam
778 2883 902 2964 quidem
914 2881 985 2963 jam
1008 2885 1074 2948 hoe

198 2963 297 3044 ipsum
312 2965 439 3028 facimus
454 2965 544 3029 nimis
558 2965 653 3046 sape:
682 2966 775 3046 qoam
790 2969 874 3032 enini
889 2968 995 3030 inultis
1011 2985 1074 3030 nos

200 3049 308 3110 eadem
323 3049 383 3127 ipsa
397 3047 516 3124 censes,
534 3047 727 3131 posteaquam
743 3048 760 3113 ὲ
774 3047 877 3115 Sicilia
893 3050 1003 3120 reversi
1024 3048 1075 3113 su·

199 3142 283 3207 mus,
303 3130 487 3196 narraviffe?
527 3133 587 3196 Sed
601 3133 763 3218 consurge,
781 3133 805 3198 -li
822 3127 933 3216 placet,
955 3135 996 3200 ub
1011 3129 1074 3196 hac'

200 3214 306 3277 umbra
323 3231 330 3276 :
349 3289 350 3294 ἵ
367 3233 440 3283 nam
454 3230 486 3280 tu
501 3216 570 3299 ripis
584 3217 708 3298 quidem
723 3218 825 3284 omnis
846 3237 913 3310 que
929 3219 963 3286 fit
970 3222 1076 3369 ἔρα·
1095 3239 1096 3282 3

582 3340 584 3346 ι
1009 3313 1088 3398 thq·
