2194 3656
193 133 254 200 ἰω
368 128 405 194 n.
447 81 667 196 nn‘nrnr
714 118 908 196 ninnn
972 121 979 130 ·

191 237 252 303 rint
266 232 393 317 plurima
408 232 439 296 in
454 231 587 296 nostram
602 230 684 294 diem
704 245 713 292 :
743 231 882 310 quedam
897 231 928 296 se
943 231 1051 298 immuss

189 321 342 396 taretint,
370 319 472 398 aliqua
489 319 580 380 etiam
596 316 686 378 allata
700 311 754 376 fint
768 332 850 380 nova
872 334 880 380 :
908 335 997 395 nam,
1018 330 1049 380 ut

115 411 116 418 ’
190 418 290 468 cetera
304 403 467 478 omittam,
496 397 584 488 quod·
593 395 728 465 cinerosa
740 399 846 476 partim
861 399 920 464 effe
934 399 1051 464 somma

190 487 351 552 cacumina
365 485 499 548 dixerunt
520 525 530 558 ,
560 501 623 560 ejus
645 482 687 544 rei
711 499 792 544 nunc
807 482 962 565 vestigium
983 487 1049 546 nui·

188 573 257 634 ium
273 585 408 649 apparet:
428 568 503 631 cinis
518 567 601 630 enim
614 609 624 642 ,
635 566 690 646 'qui
705 578 794 645 queat
807 569 937 648 conspici
954 615 963 646 ‚
984 583 1049 630 toro

191 668 299 720 monte
317 655 417 716 nullus
432 649 473 712 est
495 667 503 712 ε
532 667 630 730 neque
644 649 674 712 id
689 662 791 729 tamen
806 655 948 714 omnibus
964 652 1049 714 annis

167 737 248 801 'fuit
270 752 278 796 :
305 754 378 800 nam
394 736 562 798 multotum
585 730 757 796 testimonio
774 738 970 814 accepimus,
1000 735 1051 812 qui

192 819 353 897 viderunt,
382 819 467 882 annis
484 817 591 880 abhinc
612 815 806 898 quadraginta
820 829 918 880 tantos
932 835 967 880 ex
984 815 1054 882 AEt·

193 921 235 966 na
253 904 367 966 cineres
381 900 534 978 evolasse,
556 913 588 963 ut
604 917 654 980 per
668 912 766 962 totam
779 917 849 962 eam
865 900 967 964 insula
988 919 1050 980 par·

193 999 273 1063 tem,
294 1005 360 1067 quae
374 985 411 1048 ad
425 984 567 1050 Pelorum
579 981 683 1061 jacet,
700 1000 827 1046 omnem
842 982 1050 1050 oleamabssu·

193 1072 309 1136 ierint:
339 1087 391 1131 eos
413 1069 504 1132 etiam
527 1071 558 1130 in
576 1068 693 1132 ltaliam
715 1068 812 1133 ventis
832 1066 991 1132 serentibus
1012 1069 1051 1129 la-

193 1166 241 1216 tos
292 1151 353 1222 Sed
368 1169 400 1218 ut
414 1151 452 1215 cd
467 1151 552 1215 nives
563 1151 628 1214 illas
643 1149 819 1235 redeamus,
841 1150 1053 1214 addebatidem

194 1233 366 1313 Urbanus,
387 1234 531 1302 Calendis
544 1234 639 1314 Juniis
655 1233 852 1301 adscendente
872 1233 918 1310 se,
940 1236 1054 1318 largiter

194 1320 372 1400 abundeque
388 1317 510 1384 ninxisie
531 1334 539 1379 ε
561 1333 632 1387 ,tum
655 1319 781 1395 iterum,
821 1319 872 1398 qui
885 1319 948 1382 dies
968 1318 1054 1399 septi·

194 1420 264 1468 mus
279 1403 366 1468 suerit
381 1403 444 1486 post
460 1421 532 1466 eum
547 1401 646 1481 diem,
667 1401 742 1466 dum
756 1401 815 1482 ipse
829 1399 972 1470 Randatii
988 1421 1054 1465 mo·

196 1500 332 1564 raretur,
362 1506 401 1550 eo
424 1486 472 1550 die
491 1487 522 1548 in
536 1485 706 1549 universam
720 1499 900 1550 montanam
919 1489 1052 1569 plagam,

77 1627 81 1634 .
194 1570 280 1636 nives
293 1567 354 1632 fere
369 1571 400 1633 in
406 1570 496 1649 pedis
511 1568 699 1642 altitudinem
711 1565 892 1632 descendisse
908 1590 919 1647 ;
939 1587 969 1631 m
992 1589 1054 1650 quo

196 1653 261 1734 ipso
290 1653 359 1716 licet
383 1651 544 1716 Pindarum
560 1652 703 1733 suspicere
716 1697 726 1730 ,
739 1715 742 1737 ,
755 1647 825 1715 scite
851 1667 1057 1737 cognomento

198 1735 310 1810 usum,
337 1737 389 1816 qui
412 1732 542 1800 AEmam
572 1737 689 1800 nivium
717 1737 866 1799 nutricem
894 1739 1057 1817 appellarit.

195 1819 270 1902 Quo
290 1820 380 1882 latere
397 1817 489 1882 subest
508 1817 642 1898 Catina,
684 1816 782 1883 metit
797 1817 858 1883 sere
872 1819 947 1884 inter
963 1821 1058 1902 ipsam

199 1903 392 1966 &cacumen
411 1904 557 1987 regione,
578 1901 742 1982 puriffimus
770 1901 799 1965 ἀ
826 1904 963 1984 perennis
981 1904 1060 1968 som

197 1986 327 2066 erumpit
341 1983 459 2050 Dorico
474 1987 624 2050 vocabulo
638 1985 741 2050 Crana
755 1988 793 2050 ab
809 1984 916 2050 incolis
931 1991 1060 2068 appella·

197 2082 255 2134 tus.
283 2067 429 2134 Ceterum
442 2083 509 2134 toto
527 2086 633 2134 monte
647 2070 732 2151 supra
747 2068 859 2133 radices
873 2073 964 2134 nullae
977 2091 1061 2152 aquae

198 2153 289 2232 sunt,
310 2153 362 2216 nist
377 2171 442 2233 quae
456 2155 505 2216 vel
522 2171 558 2216 er
572 2155 690 2221 nivibus
704 2166 869 2234 emanant:
898 2153 983 2235 cujus
998 2157 1064 2236 qui·

200 2235 273 2301 dem
284 2237 325 2300 rei
339 2237 430 2300 etiam
437 2233 759 2308 Theocritumtestem
771 2235 932 2315 habemus,
953 2239 986 2302 in
1000 2258 1063 2319 quo

198 2319 274 2383 dum
290 2317 423 2384 Galatcae
436 2319 569 2402 Cyclops
584 2333 739 2386 enumerat
755 2318 870 2385 divitias
886 2321 977 2400 suaa,
1000 2323 1064 2385 haec

199 2405 293 2469 etiam
309 2401 451 2468 interserit
466 2421 474 2468 :

260 2565 312 2650 Est
323 2566 448 2652 glaciasti
463 2588 539 2655 aquae
553 2572 638 2631 rivus
650 2566 725 2632 mibi
732 2617 742 2650 ,
761 2587 842 2656 quem
845 2567 954 2655 syldafia

260 2649 434 2716 Nedareum
448 2657 480 2716 in
489 2665 588 2738 putum
603 2653 720 2718 nivibus
726 2651 797 2733 fluit
809 2653 1006 2736 ‘eruption

197 2832 249 2884 aut
264 2819 283 2884 sr
299 2839 365 2902 qua
379 2819 456 2883 intra
471 2820 609 2908 fagorum
623 2834 743 2888 truncos
757 2822 862 2902 pluviis
875 2819 1064 2886 descenden-

110 2983 111 2986 ,
198 2905 276 2966 tibus
293 2906 508 2985 relinquuntur.
551 2906 645 2985 Atqui
660 2908 705 2968 'res
721 2903 750 2968 dt
764 2909 850 2972 locus
866 2925 918 2970 me
932 2924 1069 2970 monue-

198 3001 295 3062 runt,
318 3003 350 3055 ur
374 2988 456 3068 quod
480 2990 520 3052 ibi
544 2989 673 3052 vidimus
696 2992 931 3070 pulcherrimum
955 3004 1068 3054 natura

198 3087 274 3152 opus
296 3067 326 3134 dc
348 3073 447 3154 mirati
466 3072 579 3138 suimus
600 3068 760 3156 maxime,
785 3093 859 3156 ,non
872 3075 1066 3157 praeterirem.

1016 3157 1070 3226 Al·
