2194 3656
168 122 205 196 s
265 147 345 221 DE
386 150 603 222 AETNA.
811 170 871 222 221

9 257 169 326 Altiffima
183 257 216 323 in
231 257 372 340 specula,
399 259 458 341 qui
479 258 559 344 sylvi
579 258 740 324 deficiente
757 258 878 326 liberior

10 340 190 425 prospedlus
212 343 244 406 in
267 343 420 423 insulam,
448 341 694 426 &Tyrrhenum
716 362 800 408 mare
819 345 879 424 est,

10 427 158 492 herbidus
177 443 300 506 campus
323 428 383 488 leni
407 426 562 490 decumbit
577 429 658 491 clivo
680 441 688 486 :
718 428 800 490 hunc
816 428 879 508 pini

9 529 147 591 proceru
169 510 230 588 pari
250 507 386 572 distantes
403 511 561 573 intervallo
583 507 672 573 dudda
686 528 800 574 corona
821 513 880 574 cir·

9 595 206 673 cumsepiuut
226 605 234 652 :
264 594 297 655 in
313 593 416 657 medio
430 593 515 676 fagus
530 591 696 657 deufiffima
712 594 880 673 quadrifido

9 681 128 741 robore
141 675 172 739 se
185 678 343 756 attollens,
362 677 467 740 celsror
481 677 573 756 quim
588 691 707 752 cetera,
729 679 820 741 veluti
835 697 881 741 re·

9 763 88 844 gina
104 759 164 842 ipsa
179 758 329 844 consurgit
352 777 360 823 :
389 772 425 824 e'a
447 777 511 822 nou
535 759 631 823 statim
646 758 886 842 discriminatur,

9 844 68 908 sed
86 843 102 905 al
122 845 226 906 tellure
245 861 296 923 per
318 843 446 924 spatium
459 844 587 906 cubitale
601 861 665 906 uno
677 857 786 906 trunco
805 863 881 908 uon·

10 940 101 991 tenta
116 925 185 990 est:
213 924 285 1005 inde
304 923 335 990 se
358 926 389 990 iu
411 944 512 990 ramos
534 925 704 990 confinales
720 929 882 1007 equalibus

11 1009 182 1074 intervallis
198 1007 361 1088 dispartitur
383 1025 391 1069 ε
418 1007 533 1073 interne
551 1009 643 1091 usque
658 1007 696 1072 ad
711 1009 787 1073 imas
804 1011 882 1076 radi·

11 1113 68 1157 ces
83 1095 169 1171 arbor
183 1091 325 1156 deficiens
338 1092 424 1156 undis
440 1093 615 1173 pluvialibus
629 1110 737 1156 urnam
752 1111 787 1155 er
803 1094 833 1158 se
848 1094 880 1159 se

12 1175 89 1240 facit
110 1190 118 1239 :
146 1175 204 1237 illa
219 1190 368 1240 montano
384 1190 524 1260 purgante
539 1177 630 1252 a'e’re,
652 1193 689 1239 ac
703 1177 816 1240 umbris
832 1175 882 1242 so·

13 1264 82 1324 lem
97 1258 262 1322 arcentibus
280 1305 289 1335 ,
310 1257 338 1321 dt
356 1258 485 1322 fontanis
501 1258 658 1342 gelidiores
671 1256 753 1334 sunt,
775 1257 805 1323 dt
825 1277 880 1342 pu·

13 1343 144 1406 tealibus
160 1342 301 1422 puriores.
343 1341 522 1425 Ambigeres
544 1343 584 1406 ibi
606 1355 638 1404 tu
662 1340 803 1422 quidem,
823 1343 880 1408 Pa·

13 1439 79 1499 tet,
101 1425 122 1490 sr
138 1423 209 1505 quid
224 1443 330 1488 eorum
345 1426 397 1490 tibi
413 1423 598 1500 laudandum
613 1423 705 1502 esset,
732 1424 880 1506 quidnam

14 1505 203 1590 potiffimurn
217 1507 365 1581 laudares,
389 1527 428 1574 an
443 1505 631 1590 prospeblum
646 1506 710 1587 ejus
731 1507 814 1585 loci,
840 1529 881 1574 au

15 1597 151 1669 locum,
180 1607 246 1655 tum
260 1609 300 1656 an
313 1593 468 1670 arborem,
490 1610 529 1655 an
544 1590 638 1655 undas
660 1607 668 1652 :
695 1591 736 1654 ita
757 1590 828 1656 scite
848 1595 881 1658 iu

15 1678 118 1740 alteris
133 1673 324 1754 decorandis,
345 1675 425 1756 quast
440 1674 563 1771 quidem
572 1673 602 1738 id
609 1687 729 1757 agerent
739 1705 757 1752 ,·
769 1676 881 1756 utquid

13 1755 881 1935 uultlzllltillz”lbltlzlndluulltl

15 1926 195 1992 admirabile
209 1926 333 2006 quidem
349 1924 413 2003 est,
434 1937 583 2006 quantum
598 1935 695 2006 grattae
709 1924 883 1989 venustatis-

15 2029 78 2090 que
94 2009 146 2074 fibi
161 2009 293 2074 invicem
309 2006 433 2072 afferant
447 2005 558 2088 Jupiter
571 2003 696 2082 Genio,
716 2005 745 2068 bt
764 2003 882 2074 Genius
984 2075 986 2080 ,

14 2093 89 2172 Jovi
105 2111 114 2156 ε
141 2111 204 2175 quo
220 2093 270 2170 fit,
291 2104 323 2156 ut
338 2094 370 2156 in
383 2090 512 2172 utrisque
522 2092 660 2156 multum
667 2087 773 2155 Venus
788 2091 882 2158 etiam

14 2175 343 2258 permistasentiatur.‘
620 2200 623 2214 ·

141 2339 437 2408 -Bnnrnus
489 2340 700 2406 Putea.
830 2380 832 2384 .

60 2487 96 2554 O
112 2489 248 2572 pulchras
256 2505 365 2556 natura
373 2489 504 2568 delitias,
523 2491 572 2553 vel
582 2487 673 2558 etiam
682 2485 841 2570 Deorum,
851 2503 885 2558 ut

19 2571 122 2642 Po’e'tis
131 2577 248 2655 placet,
269 2575 351 2656 srqui
360 2573 443 2653 sunt,
457 2575 509 2655 qui
516 2591 588 2638 eum
597 2587 736 2638 montem
744 2575 862 2640 colant!

196 2736 432 2807 Baianus
474 2738 703 2809 Fletus.

63 2883 161 2966 Sunt,
180 2883 289 2968 Pater,
317 2854 350 2956 ut
364 2887 471 2974 ajunt,
497 2902 587 2972 atque
600 2887 737 2964 incolunt
751 2886 806 2952 illo
822 2885 885 2970 ipso

24 2969 148 3062 quidem
162 2970 195 3034 in
209 2973 292 3037 loco.

763 3179 890 3254 Bru·
