2210 3660
112 53 116 62 ¹
191 70 255 188 20'0
371 115 407 183 Ρ.
450 69 903 192 numnrnlnnn

191 228 259 309 quis
274 223 312 291 ad
326 243 449 311 eoeuam
461 239 569 304 vocet,
585 223 756 306 facileque
771 225 1051 313 afferatcumvaria,

191 322 260 376 eum
274 307 450 390 sumtuosa,
484 312 554 374 vina
568 308 763 374 multifariam
784 329 935 394 apponat,
966 317 1053 380 mini·

191 391 266 460 stros
281 394 431 470 adhibeat,
451 394 695 472 ennumquam,
715 392 744 456 de
759 397 829 458 eal'a
836 401 883 460 vel
891 413 1050 482 argentea,

191 482 368 556 velamen,
394 476 447 542 nili
461 476 589 542 statuerit
601 475 783 550 triclinium,
810 495 862 544 aut
877 481 996 546 mensas
1020 483 1052 546 in

192 560 314 626 hortulo
322 561 507 642 disposuerit,
529 575 562 624 ut
576 559 968 638 tibilianticoeuandumfit‚
990 583 1053 630 cer·

191 642 224 708 ιὲ
236 662 269 710 ιιι
283 647 371 710 illum
385 643 481 710 nihilo
496 647 601 723 probes
614 661 664 707 ma
685 643 727 720 ia,
748 645 842 725 quim
856 645 876 710 fi
891 663 957 712 tam
974 652 1053 712 mul·

191 737 223 798 la
237 728 369 794 omnino
384 747 449 792 non
464 723 627 810 paravilset.
665 659 715 790 qua
732 728 806 790 mibi
821 732 941 796 eveniet
954 729 1028 812 pa'ni
1045 749 1055 796 ι

168 829 170 837 ’
192 829 267 876 nam
283 811 366 892 quud
382 827 411 875 te
425 807 504 877 ιιᾶὲ
518 809 692 874 instituerim
710 811 723 870 i
740 829 848 892 puceu,
869 817 1053 880 meenmha·

191 896 309 960 buerim
324 895 462 976 semper,
490 909 648 974 ueramque
670 895 806 977 linguam
827 910 857 960 te
878 898 1055 964 docendum

129 1029 130 1034 1
148 1003 157 1020 ²
190 980 335 1052 curarim,
355 978 384 1042 id
399 975 458 1059 est,
478 977 517 1042 ad
530 995 652 1042 eoenam
666 975 784 1042 vocaffe
805 979 915 1044 teletis
930 981 1055 1046 dubiam

190 1059 221 1126 de
237 1060 422 1127 summosam
440 1105 450 1140 ‚
483 1061 516 1124 in
537 1079 597 1142 qua
611 1061 780 1142 depalceres
795 1066 934 1146 animum
950 1079 1055 1144 uuum,

189 1147 282 1227 teque
304 1147 363 1225 ipse
385 1145 518 1208 conviva
540 1146 663 1229 elegans
683 1142 848 1213 alienares
872 1164 881 1209 :
921 1150 1077 1212 conviva.

191 1247 329 1310 namque
342 1229 445 1293 sumus
458 1246 582 1303 omnes,
603 1227 680 1290 dum
693 1229 840 1294 vivimus:
859 1248 960 1312 neque
974 1233 1055 1298 aliud

192 1313 235 1377 eil
249 1312 352 1378 omnis
366 1315 427 1376 viia
441 1309 557 1387 nullia,
578 1329 639 1392 qua
652 1307 706 1375 sub
721 1312 778 1376 bac
792 1315 897 1378 mundi
910 1315 1056 1379 lucefrui·

149 1451 154 1458 .
189 1413 276 1476 mur,
297 1394 391 1480 quim
398 1395 707 1479 longacoucoenatlo,
722 1410 813 1459 autut
824 1396 891 1477 jam
899 1395 1053 1462 ininsu-

188 1497 278 1560 cam,
299 1477 463 1548 conuiuio.
504 1477 600 1562 Quod
622 1477 642 1542 fi
667 1495 724 1542 nec
744 1477 847 1544 sedem
861 1483 958 1545 ullam
974 1483 1050 1558 eibi,

188 1565 243 1630 ain
253 1567 364 1628 viventi
372 1559 1052 1646 diversorium,secellnmquegratumaliquem

132 1709 139 1720 ,
187 1663 333 1728 paravero
347 1646 446 1709 studiis
463 1645 494 1709 de
508 1642 608 1712 Mufie
622 1645 696 1722 tuis,
716 1645 849 1726 perfedlb
864 1667 928 1711 non
943 1650 1051 1713 tamin

187 1730 249 1795 illis
262 1729 395 1794 laudabis
409 1729 596 1813 diligentiam
609 1746 730 1806 meam,
742 1732 882 1812 ‚quimin
897 1732 941 1796 his
957 1733 1051 1798 etiam

186 1814 322 1894 culpabis
336 1813 550 1898 negligentiam
568 1829 575 1874 ε
605 1829 705 1893 neque
726 1827 789 1876 tam
812 1817 933 1896 pulchra
947 1834 984 1878 ea
998 1817 1053 1880 tibi

186 1896 248 1962 esse
262 1896 438 1962 videbuntur
455 1943 466 1977 ‚
490 1898 598 1978 quibua
612 1894 831 1978 abundaveris,
859 1897 954 1979 quim
966 1897 1053 1962 fuille

186 1979 256 2058 iila,
276 1976 742 2063 quibuseaebis‚1necealaria:
770 1982 811 2045 ita
836 1981 901 2062 fiet,
922 1996 955 2044 ut
976 1981 1054 2046 cum

185 2062 280 2131 semel
293 2067 414 2143 abiero,
434 2079 467 2130 tu
482 2083 534 2130 me
548 2063 792 2145 saepiusacculee,
812 2067 968 2148 quampro
1007 2084 1035 2132 a.

369 2189 883 2274 Bemnus·Fin1'us.

225 2320 259 2388 Ο
274 2323 317 2388 mi
332 2321 442 2397 Pater,
469 2323 561 2387 mene
576 2334 640 2385 tam
656 2316 785 2401 impium
799 2335 951 2398 umquam
1038 2348 1055 2366 ·

182 2421 268 2483 mm,
289 2422 323 2472 ιιι
337 2421 367 2470 te
381 2406 509 2472 audeam
526 2401 683 2469 accusare?
705 2401 772 2489 Ego
785 2419 816 2466 te
829 2419 981 2482 umquam
1042 2430 1055 2446 ·

175 2489 309 2567 mensem,
326 2488 432 2554 Pater?
453 2487 537 2571 Quid
553 2488 573 2557 fi
591 2507 655 2552 nun
667 2503 699 2550 tu
715 2505 767 2550 me
780 2487 854 2566 sepe
868 2482 1021 2549 monuille

182 2569 213 2636 ἅ
228 2589 287 2655 ego
303 2573 467 2655 aliquando
480 2571 620 2652 scriptum
634 2570 768 2654 legillem
783 2569 798 2633 l
813 2568 939 2633 summis
955 2586 994 2630 ae
1010 2567 1059 2630 sa·

182 2654 367 2741 pientiffimis
382 2657 476 2730 viris,
501 2657 596 2720 animi
606 2657 687 2718 bona
701 2655 777 2732 elle,
798 2671 864 2735 quae
880 2654 984 2716 beatm
999 2651 1059 2714 ho·

184 2743 285 2805 mines
301 2742 432 2804 facerent
445 2740 510 2804 sola
524 2737 585 2820 ipsa
596 2757 647 2822 per
660 2737 690 2800 se
706 2735 753 2812 se,
775 2757 815 2818 qu
862 2753 900 2800 ue
914 2737 985 2816 opis
1000 2752 1059 2798 ea·

152 2855 160 2872 i
181 2837 274 2892 ternae
290 2842 353 2887 non
369 2837 514 2906 egerent,
537 2841 574 2886 ea
595 2839 695 2902 neque
707 2821 778 2902 eripi
856 2821 1059 2900 nmquam,

182 2923 242 2971 nec
265 2904 349 2971 aetate
369 2906 545 2978 senescere,
574 2923 632 2971 nec
646 2919 745 2970 morte
766 2899 912 2970 interire?
940 2899 1061 2970 Cetera

103 3001 111 3016 ¹
183 2991 487 3070 omniamancaelle,
507 2989 623 3076 labilia,
644 3002 878 3054 momentanea:
898 3001 1061 3066 quaequo-

182 3075 268 3137 uiam
291 3075 412 3143 fortuna
433 3072 464 3137 dt
486 3073 761 3158 emungerentur,
780 3087 866 3136 mutu
880 3068 940 3136 effe
956 3069 1061 3152 magis

184 3171 357 3240 quamque,
375 3153 524 3242 quantiam
538 3156 592 3226 illa
605 3169 832 3239 contumactae,
851 3156 902 3224 vel
915 3152 1063 3302 divitem,¹

1009 3255 1032 3304 v
