2210 3660
189 164 252 250 nu
346 115 640 232 tenuntur
689 117 901 232 Ltun'n

186 289 255 336 mus
269 270 301 350 in
315 270 412 350 prima
426 280 526 348 etate,
547 268 692 334 debemus
708 286 807 351 nunc,
834 284 994 354 tamquam
1007 270 1054 334 in·

185 355 335 422 exercitari
349 353 522 432 histriones,
552 355 583 419 in
598 351 729 416 secundo
746 369 797 418 aut
811 358 898 420 tertio
913 353 982 419 auu
998 355 1052 417 de·

185 437 303 518 seciffe;
323 437 481 518 praesertim
495 437 568 499 crim
583 437 734 499 aemuiario
742 451 865 501 tuorum
874 457 930 501 nos
939 437 1053 501 studio-

185 539 272 597 rum,
293 519 368 586 AN
376 518 440 584 GE
450 519 478 584 L
488 517 537 598 E,
553 539 618 584 uon
631 520 1050 603 excitaremodbtanguentes

184 603 288 686 poffir,
308 603 358 668 sed
368 600 457 683 piane
471 605 564 668 etiam
578 603 753 670 incendere:
773 606 883 686 quippe
898 607 949 685 qui
964 607 1051 667 mul·

186 691 217 752 tri
237 688 267 750 de
289 691 426 767 praelata
437 688 594 752 habuimus
611 689 628 748 ai
643 703 672 749 re
689 687 821 768 semper,
843 688 1051 766 babemusque

185 771 339 852 quotidie,
356 770 386 835 dt
399 770 622 837 consuetudinis
636 769 740 834 nostre
747 771 932 848 testimonia,
954 771 1053 834 &do-

185 853 286 930 flrinae
305 871 372 918 tuo.
415 854 518 1002 guare
535 853 616 917 sicuti
642 855 724 935 pueri
746 853 968 936 scriptiuneuias
991 873 1050 916 no-

185 938 275 1020 nnis,
296 935 378 1020 quafi
393 939 421 1002 la
453 939 528 1002 antis
542 937 652 1022 ingenii
660 937 865 1016 acerbitatem,
885 937 1050 1004 detulimus

182 1021 222 1086 ad
237 1033 266 1090 te
281 1067 291 1104 ‚
319 1021 359 1086 fic
381 1040 463 1086 nunc
477 1021 615 1102 deinceps
636 1023 728 1085 etiam
743 1021 781 1086 ad
796 1037 825 1086 re
840 1020 1049 1086 adolescentia

182 1104 288 1170 nostro
303 1107 417 1187 primos
431 1106 519 1178 foetus
534 1104 718 1184 deferemus,
739 1122 803 1178 non
810 1119 843 1168 ut
851 1123 901 1168 me
911 1103 972 1184 ipse
980 1107 1047 1184 pius

180 1207 265 1254 ames
288 1204 296 1250 :
324 1207 398 1253 nam
407 1187 475 1270 jam
490 1189 519 1252 id
535 1189 599 1252 fieri
615 1185 696 1269 poffe
710 1189 759 1253 vix
775 1203 847 1270 puro
868 1206 877 1252 t
896 1188 949 1252 sed
963 1186 1044 1250 certe

182 1274 254 1356 quia
267 1273 318 1342 ‘ito
337 1272 482 1338 debemus
504 1273 651 1340 internos
673 1289 681 1334 τ
709 1291 807 1354 neque
821 1275 907 1364 ¹enim
921 1273 1046 1336 arbitror

180 1345 330 1436 cariorem
344 1353 428 1420 sitisse
449 1355 504 1420 ulli
518 1374 728 1438 quemquam,
750 1355 891 1453 quinutu
906 1355 941 1418 fis
956 1357 1044 1419 mibi.

179 1437 241 1508 Sed
257 1441 295 1506 de
309 1441 353 1504 bis
371 1438 540 1509 &diximus
555 1439 626 1504 aliis
640 1439 707 1502 satis
723 1438 841 1517 multu,
863 1439 892 1503 dr
908 1437 982 1520 saepe
996 1439 1043 1502 di·

177 1542 294 1606 cemus.
335 1521 433 1610 Nunc
446 1523 573 1602 aurem,
594 1523 740 1608 quoniam
752 1523 965 1619 jamquotidie
981 1517 1043 1594 ferd

179 1596 306 1684 accidit²
321 1606 514 1688 posteaquem
528 1605 757 1692 &Siciliaegodt
773 1607 922 1696 tuteyerfi
933 1607 1045 1685 sumus,

177 1706 212 1758 ut
233 1691 270 1754 de
289 1676 470 1776 AETNAE
483 1691 636 1786 ‘incendiis
656 1675 903 1783 interrogardpnut
925 1693 962 1766 ab
982 1691 1036 1768 iis,
1095 1763 1096 1772 ἵ

176 1775 285 1858 quibus
300 1786 410 1836 notum
424 1769 533 1847 estnlla'
548 1771 684 1860 nossetis
699 1775 855 1860 diligenter
870 1773 1037 1854 inspexisse:

177 1872 211 1934 ut
225 1855 399 1922 earundem
409 1852 546 1922 molestia
562 1877 745 1936 careremus,
767 1855 956 1940 pla'cuirmibi
967 1877 1039 1924 eum

174 1941 351 2006 sermonem
365 1939 574 2022 conscribere,
595 1959 689 2020 quem
703 1935 943 2009 cu‘m'ssernaruo
958 1957 1040 2020 parre
1094 1985 1095 2016 r

179 2043 271 2109 meo,
286 2023 375 2110 bubni
383 2025 483 2108 paucis
491 2023 555 2104 post
573 2023 979 2104 diebusquimrediiffemus:
1001 2024 1041 2087 ad
1094 2031 1095 2060 i

177 2127 272 2192 quem
285 2107 437 2185 rejiciendi
452 2107 544 2170 esse'nt
558 2107 595 2182 ii,
616 2109 668 2196 qui
676 2127 732 2172 nos
740 2107 877 2190 deinceps
886 2109 1039 2189 quidpiam

178 2195 218 2276 de
238 2187 407 2258 AETNA
426 2189 616 2270 postularent.
656 2191 760 2272 itaque
775 2193 895 2260 confeci
909 2193 1038 2270 librum,

177 2293 242 2360 quo
258 2288 382 2356 uterque
397 2271 532 2338 nostrflm
546 2277 749 2340 communiter
769 2291 907 2342 uteretur.
949 2273 1040 2352 Nam
1093 2289 1094 2294 ’

176 2356 251 2442 cuim
266 2355 392 2445 essemus
406 2356 439 2420 in
453 2355 620 2435 Noniano,
641 2355 817 2440 &paterse‘3
835 2359 966 2436 uenter,
987 2378 1041 2424 att-

178 2455 209 2506 te
233 2438 387 2528 atriumio
401 2443 497 2523 ripam
512 2440 627 2506 Pluvici
650 2441 842 2523 contulisset,
870 2439 978 2508 aceeffi
1002 2441 1042 2526 ad
1092 2519 1093 2532 χ

179 2543 271 2607 eum,
285 2522 433 2608 progresso
453 2523 519 2604 jam
541 2525 573 2588 in
592 2527 870 2602 meridianassbores
888 2527 961 2592 die:
990 2526 1042 2589 ubi
1092 2559 1093 2598 3

178 2625 245 2689 quae
259 2609 353 2672 locuti
372 2607 660 2687 summitterem,
687 2611 749 2673 bae'c
772 2607 924 2674 fer'd'sunt.
967 2607 1044 2674 Tibi
1092 2611 1093 2625 ¹

178 2689 254 2764 ueri)
268 2710 350 2764 nuuc
363 2690 534 2762 orationem
547 2691 859 2776 utriusquenostrfim‚
879 2692 1042 2774 tamquam

179 2773 343 2864 habeatur,
373 2773 547 2854 explicabo,
568 2779 644 2840 'noti
666 2789 824 2858 tamquam
844 2776 1041 2842 recenseatur.

177 2853 272 2953 igitur
285 2855 357 2920 cium
371 2858 460 2922 illum
475 2859 570 2923 muira
583 2859 615 2924 in
631 2862 738 2924 umbra
751 2858 906 2930 sedentem
912 2879 1043 2943 compe·

179 2939 295 3030 ruffum,
304 2939 356 3010 'ita
370 2941 490 3010 initium
505 2938 711 3038 interpellandi
728 2962 801 3015 eum
816 2943 883 3039 feei}
