2194 3656
7 197 12 218 ,γ
263 121 296 195 D
315 123 343 194 E
384 127 428 195 ΖΕ
447 124 540 196 TN
559 128 601 196 Δ.
810 143 869 195 221

23 231 167 300 Altiffima
181 231 214 297 in
229 231 370 314 specula,
397 232 456 315 qui
477 231 557 317 sylvi
577 231 736 297 deficiente
755 231 877 298 liberior

23 315 187 400 prospeetns
210 318 241 380 in
265 317 418 397 insulam,
446 315 475 380 dt
497 315 692 399 Tyrrhenum
714 317 877 396 marcell,

22 401 156 467 herbidus
175 419 298 480 campus
321 402 381 462 leni
405 401 560 464 decumbit
575 403 656 464 clivo
678 411 686 458 t
716 401 798 463 hunc
814 400 889 479 pini

18 504 145 566 procerae
167 485 228 564 pari
248 483 384 547 distantes
401 485 559 546 intervallo
581 481 670 546 dubia
684 501 798 548 corona
819 485 879 546 cir·

19 569 204 648 cumsepiunt
224 581 232 627 :
262 569 295 630 in
311 567 414 631 medio
428 567 513 649 fagus
529 565 694 630 denstffima
710 566 878 646 quadrifido

18 655 128 716 robore
140 650 169 714 se
183 653 341 730 attollens,
361 651 465 714 celfior
479 650 571 730 quim
586 664 705 725 cetera,
727 650 818 713 veluti
833 669 879 713 re·

18 738 91 820 gina
106 734 162 816 ipsa
177 732 327 817 consurgit
350 751 358 797 :
387 745 423 798 e‘a
445 751 508 796 non
533 732 629 796 statim
644 731 884 814 discriminatur,

17 819 73 883 sed
90 818 104 880 i
122 819 224 880 tellure
243 835 294 897 per
316 816 444 898 spatium
458 817 585 880 cubitale
599 833 663 878 uno
675 830 784 880 trunco
803 835 879 880 eon·

18 916 103 966 tenta
117 900 183 964 est:
212 898 282 979 inde
302 897 333 962 se
356 900 388 963 in
409 917 510 964 ramos
532 899 702 964 consimiles
718 902 880 980 equalibus

18 983 180 1049 intervallis
196 981 359 1062 dispartitur
382 999 389 1043 :
417 980 531 1047 interne
549 981 642 1064 usque
657 981 695 1046 ad
710 982 785 1046 imas
803 984 880 1052 radi·

16 1088 71 1133 ces
86 1070 168 1146 arbor
182 1065 323 1130 deficiens
336 1066 422 1130 undis
438 1067 613 1146 pluvialibus
627 1083 735 1129 urnam
751 1084 786 1128 er
801 1067 831 1130 se
846 1066 878 1132 se

16 1151 91 1216 facit
111 1165 119 1213 :
145 1150 202 1212 illae
217 1164 366 1214 montano
382 1165 522 1234 purgante
538 1151 629 1225 aire,
651 1167 687 1213 ae
702 1149 815 1212 umbris
830 1148 880 1214 so·

17 1239 84 1299 lem
99 1232 287 1310 arcentibus,
309 1232 336 1296 dt
354 1233 484 1296 fontanis
500 1232 657 1316 gelidiores
670 1229 752 1308 sunt,
773 1230 803 1296 ἃ
863 1266 878 1282 -

15 1317 143 1382 realibus
159 1317 300 1397 puriores.
342 1316 520 1400 Ambigeres
543 1317 583 1380 ibi
604 1329 637 1378 tu
660 1313 802 1394 quidem,
821 1250 879 1380 Ea·

16 1415 81 1474 rer,
102 1399 122 1464 fi
137 1399 207 1480 quid
223 1417 329 1466 eorum
344 1401 395 1466 tibi
411 1397 597 1476 laudandum
611 1397 704 1476 ellet,
731 1397 878 1478 quidnam

15 1481 202 1566 potiffitnum
216 1481 364 1556 laudares,
388 1501 427 1548 an
442 1479 629 1565 prospedum
644 1479 709 1561 ejus
729 1479 789 1544 loci
803 1527 813 1559 ,
838 1501 879 1546 an

15 1573 150 1645 locum,
179 1581 245 1630 tunt
260 1584 299 1630 an
312 1567 466 1644 arborem,
488 1565 636 1630 anundus
659 1581 667 1626 :
693 1564 735 1628 ita
755 1562 827 1629 sciti:
846 1567 879 1630 in

15 1653 119 1716 alteris
133 1648 324 1728 decorandis,
344 1649 424 1730 quasi
439 1649 562 1729 quidem
570 1647 600 1712 id
608 1661 727 1731 agerent
737 1679 755 1726 ,=
767 1648 880 1730 utquid

13 1728 879 1882 blllllzllliltl·‘lllslzltnlbullis

14 1900 194 1966 admirabile
209 1899 332 1980 quidem
349 1897 412 1975 est,
434 1897 694 1978 quantum'gtutiae
708 1897 882 1962 venustatis-

13 2004 78 2066 que
94 1983 146 2048 fibi
161 1983 293 2046 invicem
308 1979 433 2045 afferant
446 1979 557 2062 Jupiter
570 1975 695 2054 Genio,
716 1977 744 2040 dt
763 1975 881 2046 Genius
982 2048 984 2053 .

11 2069 88 2149 Jovi
105 2085 113 2130 :
140 2066 269 2148 quotie,
290 2078 323 2129 ut
337 2067 369 2130 in
382 2063 511 2146 utrisque
521 2064 659 2128 multum
666 2060 772 2126 Venus
786 2064 881 2130 etiam

9 2149 158 2233 permista
171 2149 343 2246 sentiatur!
619 2171 622 2184 ·

140 2361 144 2368 -
203 2311 437 2380 Bsnnus
489 2313 700 2380 Peren

56 2461 93 2528 O
110 2463 248 2545 pulchras
256 2478 365 2528 natura
373 2462 503 2541 delitias,
523 2459 672 2529 ueletiam
681 2458 884 2542 Deorum,ut

9 2545 120 2616 Poetis
131 2551 248 2629 placet,
269 2547 351 2630 srqui
360 2546 442 2626 sune,
457 2548 508 2629 qui
515 2565 588 2612 eum
596 2559 736 2612 montem
743 2547 861 2612 colant!

197 2710 432 2780 Bsnnus
474 2712 702 2783 Fre1us.

55 2857 161 2940 Sunt,
180 2857 290 2941 Patet,
317 2828 350 2928 ut
364 2861 471 2946 ajunt,
497 2875 586 2944 atque
600 2859 737 2936 incolunt
751 2859 806 2925 illo
821 2857 885 2942 ipso

7 2944 147 3030 quidem
163 2943 196 3008 in
210 2947 293 3011 loco.

763 3153 890 3226 Bent-
