2194 3656
255 122 594 234 DE'AETNA.
811 167 874 234 ιιι

14 257 24 324 i
43 257 100 323 itur
115 255 243 321 flammis
258 254 428 339 urgentibus
440 255 520 337 ignei
536 257 590 318 rivi
604 253 689 338 pigro
700 257 784 320 fluxu
796 271 873 322 tutat

14 277 215 406 detumuere-a
234 341 336 424 plagas
354 356 362 402 :
388 340 410 402 ii
426 340 582 419 paullatim
597 339 757 403 recedente
775 345 876 406 calore

17 429 146 508 priorem
159 424 209 488 fibi
224 439 360 488 naturam
376 422 582 502 reposcentes,
603 424 635 486 in
650 424 779 503 lapidem
788 425 876 491 iudu-

19 510 134 572 rescnnt
153 507 289 591 fragilem
311 504 381 572 sane
403 507 534 570 flammis
547 508 779 587 enervantibus,
808 506 874 572 &fi

17 590 203 669 contretles,
238 606 364 672 putrem.
415 587 479 655 Stat
502 608 538 652 ea
559 591 748 667 confluvies,
783 593 877 656 veluti

20 678 141 759 glacies,
161 690 316 753 concreta,
336 673 504 754 usquedum
519 675 601 737 alteri
616 673 796 738 descendant
804 678 876 738 rivi:

23 763 42 822 ii
56 765 186 840 namque
203 777 267 822 non
281 757 366 839 supra
378 757 474 821 fluunt
490 800 500 834 ,
527 755 577 820 sed
593 757 668 821 inter
683 760 796 822 montis
808 778 876 822 ate·

24 845 128 906 nesam
150 855 251 905 cutem
272 841 414 924 &priora
434 854 575 906 concreta
592 840 714 905 fluentia
728 842 878 907 insunuan-

23 940 63 987 tes
77 925 108 988 se
122 926 174 1003 se,
192 923 311 988 cursum
323 925 373 990 fibi
388 924 523 988 medium
539 938 673 1006 quamnt
693 943 701 988 :
734 925 791 1002 fic,
811 945 878 1007 quae

24 1008 97 1090 prius
112 1008 326 1084 induruerant,
347 1009 418 1088 quia
433 1009 558 1072 friabilia
574 1009 656 1083 suut,
678 1023 712 1071 ut
727 1008 803 1085 diri,
824 1028 880 1073 no·

25 1094 65 1154 vis
78 1093 220 1155 incendiis
241 1092 378 1156 cedentia
391 1107 534 1173 crepant,
555 1090 585 1154 u
601 1094 632 1155 in
649 1108 743 1172 partes
759 1092 882 1172 disjeeia

24 1175 194 1256 prosiliunt,
223 1179 414 1258 quacumque
437 1175 519 1239 unda
551 1176 696 1259 deurgens
718 1176 880 1240 interfluit:

21 1259 129 1324 ,deinde
141 1263 383 1344 conglaciantem
399 1277 469 1322 eam
485 1262 577 1322 altera
591 1258 667 1323 subit
683 1258 816 1337 illuvies,
837 1273 883 1324 at·

27 1361 81 1424 que
95 1340 155 1424 ipsa
170 1343 360 1408 tantumdem
376 1343 446 1406 facit
467 1359 476 1405 :
504 1358 571 1406 tutu
586 1347 677 1407 altera
690 1345 781 1420 item,
802 1343 882 1407 &al-

30 1441 87 1490 tera
107 1443 115 1488 ε
143 1445 207 1489 non
223 1429 306 1492 enim
320 1427 497 1490 continuato
512 1427 594 1490 fluxu
617 1443 731 1504 mons,
758 1425 811 1490 sed
830 1445 881 1506 per

33 1508 205 1574 intermiffos
239 1512 352 1592 spiritus
379 1555 389 1590 ,
439 1524 472 1574 ut
506 1509 591 1588 suprd
625 1512 884 1574 commemoravi·

33 1612 113 1672 mus,
134 1591 289 1658 erudiatur.
330 1594 434 1674 ltaque
449 1591 613 1658 noviffimis
627 1593 743 1672 semper
760 1595 884 1659 vincen·
940 1665 942 1670 ,
1035 1671 1041 1688 ⁸

32 1680 125 1753 tibus,
153 1679 411 1760 multiplicatdque
426 1677 457 1740 in
472 1675 657 1748 immensum
671 1677 827 1755 incendio,
848 1696 885 1742 ex

33 1761 120 1842 igneis
142 1761 312 1826 fluminibus
335 1757 418 1824 fraeli
442 1759 553 1840 lapides
582 1759 721 1826 altilsturo
743 1761 886 1846 congestu

34 1862 172 1928 magnam
181 1847 292 1910 montis
306 1857 420 1925 partem
428 1857 612 1922 occuparunt
632 1862 640 1907 :
667 1846 800 1927 atqueii‚
820 1863 885 1925 quo

32 1925 315 2007 recentius'fluxere,
336 1924 563 2010 eodenigriores
576 1924 658 2004 sunt,
678 1925 708 1989 dt
723 1929 888 1992 firmiores:

33 2025 109 2075 aetate
125 2012 353 2094 &pallescunt,
373 2011 604 2074 &resolvuntur
627 2027 635 2073 :
662 2009 732 2072 inde
752 2029 810 2093 ego
826 2009 885 2081 elle
954 2089 956 2093 ,

60 2115 184 2159 enarum
198 2103 298 2182 plagas
312 2095 447 2172 omneis,
467 2111 533 2175 quae
547 2093 626 2155 circa
633 2111 780 2156 cacumen
788 2093 888 2157 visun·

32 2191 40 2238 t
81 2226 89 2252 ,
109 2179 256 2247 existimo.
279 2179 424 2245 Materies
437 2178 540 2241 omnis
555 2173 775 2250 aridiffimaest,
795 2190 885 2259 atque

32 2261 73 2322 ide
148 2263 153 2274 '
226 2263 347 2339 multb,
366 2263 460 2344 quim
475 2259 537 2322 vivi
550 2258 681 2338 lapides,
699 2258 885 2340 ponderosa:

30 2344 127 2408 scabra
178 2351 230 2427 eb,
254 2364 285 2412 ut
300 2341 493 2418 brevimorl,
509 2345 789 2424 tamquamilima,
810 2361 888 2411 eon·

31 2426 230 2498 scandentium
246 2432 339 2498 calcei
356 2429 526 2500 credantur.

186 2595 449 2664 „Renibus
498 2594 705 2660 Parta.

70 2743 170 2828 Atque
184 2765 244 2834 ego,
257 2745 327 2811 sane
343 2747 374 2810 in
391 2765 429 2809 eo
445 2747 572 2810 mallem
581 2741 800 2826 Empedoclem
813 2742 886 2806 inri-

34 2829 181 2994 lsugderteuui
198 2831 388 2902 adscensurus
402 2831 526 2913 amyclis
540 2830 620 2894 areis
633 2831 778 2896 utebatur.
821 2825 883 2892 Sed
